
@Article{         anderson2020gfmp,
  author        = {Anderson, S.C. and Forrest, R.E. and Huynh, Q.C. and Keppel,
                  E.A},
  title         = {A management procedure framework for groundfish in {British
                  Columbia}},
  year          = {2020},
  journal       = {DFO Can. Sci. Advis. Sec. Res. Doc.},
  volume        = {2020/007},
  pages         = {vi + 139~p.}
}

@Article{         anderson2019synopsis,
  author        = {Anderson, S. C. and Keppel, E. A. and Edwards, A. M.},
  year          = {2019},
  title         = {A reproducible data synopsis for over 100 species of {British
                  Columbia} groundfish},
  journal       = {DFO Can. Sci. Advis. Sec. Res. Doc.},
  volume        = {2019/041},
  pages         = {vii + 321~p.},
  url           = {}}
}

@Article{         andrews2018,
  author        = {Andrews, Kelly S. and Nichols, Krista M. and Elz, Anna and
                  Tolimieri, Nick and Harvey, Chris J. and Pacunski, Robert and
                  Lowry, Dayv and Yamanaka, K. Lynne and Tonnes, Daniel M.},
  title         = {Cooperative research sheds light on population structure and
                  listing status of threatened and endangered rockfish species},
  journal       = {Conserv. Genet.},
  volume        = {19},
  number        = {4},
  pages         = {865-878},
  issn          = {1572-9737},
  doi           = {10.1007/s10592-018-1060-0},
  url           = {https://doi.org/10.1007/s10592-018-1060-0},
  year          = {2018}
}

@Article{         ayers2012,
  title         = {An exploration of {Hul'qumi'num Coast Salish} peoples'
                  attitudes towards the establishment of no-take zones within
                  marine protected areas in the {Salish Sea, Canada}},
  author        = {Ayers, Cheri and Dearden, Philip and Rollins, Rick},
  year          = {2012},
  journal       = {Can. Geogr.},
  volume        = {56},
  pages         = {260--274},
  doi           = {10.1111/j.1541-0064.2012.00433.x}
}

@Article{         bjorkland2015,
  author        = {Bjorkland, Rhema and Dunn, Daniel C. and McClure, Michelle
                  and Jannot, Jason and Bellman, Marlene A. and Gleason, Mary
                  and Schiffers, Katja},
  title         = {Spatiotemporal patterns of rockfish bycatch in US west coast
                  groundfish fisheries: opportunities for reducing incidental
                  catch of depleted species},
  journal       = {Can. J. Fish. Aquat. Sci.},
  volume        = {72},
  number        = {12},
  pages         = {1835-1846},
  issn          = {0706-652X},
  doi           = {10.1139/cjfas-2014-0242},
  url           = {https://doi.org/10.1139/cjfas-2014-0242},
  year          = {2015}
}

@Article{         beaudreau2007,
  author        = {Beaudreau, A.H., and Essington, T.E. },
  title         = {Spatiotemporal patterns of rockfish bycatch in US west coast
                  groundfish fisheries: opportunities for reducing incidental
                  catch of depleted species},
  journal       = {Trans. Am. Fish. Soc.},
  volume        = {136},
  number        = {5},
  pages         = {1438-1452},
  issn          = {0002-8487},
  doi           = {10.1577/t06-236.1},
  url           = {},
  year          = {2007}
}

@Article{         black2008,
  author        = {Black, B. A. and Boehlert, G. W. and Yoklavich, M. M.},
  title         = {Establishing climateâ€“growth relationships for yelloweye
                  rockfish ({\emph{Sebastes ruberrimus}}) in the northeast
                  {Pacific} using a dendrochronological approach},
  journal       = {Fish. Oceanogr.},
  volume        = {17},
  number        = {5},
  pages         = {368-379},
  doi           = {doi:10.1111/j.1365-2419.2008.00484.x},
  url           = {https://onlinelibrary.wiley.com/doi/abs/10.1111/j.1365-2419.2008.00484.x},
  year          = {2008}
}

@Article{         blake2019,
  author        = {Blake, R. E. and Ward, C. L. and Hunsicker, M. E. and
                  Shelton, A. O. and Hollowed, A. B.},
  title         = {Spatial community structure of groundfish is conserved across
                  the {Gulf} of {Alaska}},
  journal       = {Mar. Ecol. Prog. Ser.},
  volume        = {626},
  pages         = {145-160},
  note          = {10.3354/meps13050},
  url           = {https://www.int-res.com/abstracts/meps/v626/p145-160/},
  year          = {2019}
}

@InProceedings{   butterworth2008,
  title         = {Some lessons from implementing management procedures.
                  {Edited} by {K}. {Tsukamoto}, {T}. {Kawamura}, {T}.
                  {Takeuchi}, {T}.{D}. {Beard}, {Jr}., and {M}.{J}. {Kaiser}.},
  booktitle     = {Fisheries for {Global} {Welfare} and {Environment}, 5th
                  {World} {Fisheries} {Congress} 2008},
  publisher     = {TERRAPUB, Toyko.},
  author        = {Butterworth, D. S.},
  year          = {2008},
  pages         = {381--397}
}

@TechReport{      cosewic2008,
  author        = {COSEWIC},
  title         = {{COSEWIC} assessment and status report on the {Yelloweye
                  Rockfish} ({\emph{Sebastes ruberrimus}}), {Pacific Ocean}
                  inside waters population and {Pacific Ocean} outside waters
                  population, in {Canada}
                  },
  institution   = {{Committee} on the {Status} of {Endangered} {Wildlife} in
                  {Canada}
                  {}}},
  year          = {2008}
}

@article{         cosewic2008b,
  author        = {COSEWIC},
  title         = {{COSEWIC} assessment and update status report on the {Killer Whale ({\emph{Orcinus orca}}) {Southern Resident} population, {Northern Resident} population, {West Coast Transient} population, {Offshore} population and {Northwest Atlantic/Eastern Arctic} population in {Canada}}},
  institution   = {{Committee} on the {Status} of {Endangered} {Wildlife} in {Canada}},
  volume        = {viii + 65 p.},
  year          = {2008}
}

@article{         olson2020,
author          = {Olson, AM and Frid, A and Santos, JBQ and Juanes, Francis},
  year          = {2020},
  title         = {Trophic position scales positively with body size within but not among four species of rocky reef predators},
  journal       = {Mar. Ecol. Prog. Ser.},
  doi           = {10.3354/meps13275}
}

@article{          cosewic2015,
  author        = {COSEWIC},
  title         = {{COSEWIC} Assessment Process, Categories and Guidelines},
  institution   = {{Committee} on the {Status} of {Endangered} {Wildlife} in {Canada},
  year          = {2019}
}}

@Article{         databases2019,
  author        = {{DFO, Pacific Region Groundfish Data Unit}},
  year          = {2019},
  title         = {{Pacific Region commercial and research databases (GFCatch,
                  PacHarvest, PacHarvHL, PacHarvSable, GFFOS and GFBio) archived
                  on-site at the Pacific Biological Station, Nanaimo, BC).
                  Accessed {December}, 2019}}
}

@Article{         davis2008,
  author        = {Davis, Neil A.},
  title         = {Evaluating collaborative fisheries management planning: A
                  {Canadian} case study},
  journal       = {Mar. Policy},
  volume        = {32},
  number        = {6},
  pages         = {867-876},
  issn          = {0308-597X},
  url           = {http://www.sciencedirect.com/science/article/B6VCD-4RWBWRB-1/2/4834d0591c6cd17eafa20b47e7803ec4},
  year          = {2008}
}


@Article{         dfo2012,
  author        = {{DFO}},
  title         = {Survey of Recreational Fishing in Canada 2010},
  journal       = {DFO Res. Manage. Eco. Fish. Manage.},
  volume        = {2012-1804},
  url           = {http://www.dfo-mpo.gc.ca/stats/rec/canada-rec-eng.htm},
  year          = {2012}
}

@Article{         dfo2012b,
  author        = {{DFO}},
  title         = {Proceedings of the {Pacific} Region Science Advisory Process
                  for Outside stocks of {Lingcod} ({\emph{Ophiodon elongatus}})
                  and the Inside population of {Yelloweye Rockfish}
                  ({\emph{Sebastes ruberrimus}}) in {British Columbia, Canada,
                  April} 7-8, 2011. },
  journal       = {DFO Can. Sci. Advis. Sec. Proceed. Ser.},
  volume        = {2011/070},
  year          = {2012}
}

@Misc{            dfo2013,
  author        = {{DFO}},
  title         = {Guidance for the development of rebuilding plans under the
                  {Precautionary Approach} framework : growing stocks out of the
                  critical zone
                  {\url{https://www.dfo-mpo.gc.ca/reports-rapports/regs/sff-cpd/precautionary-precaution-eng.htm}}},
  year          = {2013}
}

@Article{         dfo2015,
  author        = {{DFO}},
  title         = {Evaluation of the Internet Recreational Effort and Catch
                  (iREC) Survey methods},
  journal       = {DFO Can. Sci. Advis. Sec. Sci. Advis. Rep.},
  volume        = {2015/059},
  year          = {2015}
}

@TechReport{      dfo2016,
  author        = {{DFO}},
  title         = {{Pacific Region integrated fisheries management plan,
                  groundfish, effective February 21, 2016}
                  {\url{https://waves-vagues.dfo-mpo.gc.ca/Library/361424.pdf}}},
  year          = {2016}
}

@Article{         dfo2018,
  author        = {{DFO}},
  title         = {A Review of the Use of Recompression Devices as a Tool for
                  Reducing the Effects of Barotrauma on Rockfishes in {British
                  Columbia}},
  volume        = {2018/043},
  journal       = {DFO Can. Sci. Advis. Sec. Sci. Advis. Rep.},
  year          = {2018}
}

@Article{         dfo2019,
  author        = {{DFO}},
  title         = {A regional assessment of ecological attributes in Rockfish
                  Conservation Areas in {British Columbia}},
  volume        = {2019/022},
  year          = {2019},
  journal       = {DFO Can. Sci. Advis. Sec. Sci. Advis. Rep.}
}F


@Article{         dfo2020,
  author        = {DFO},
  title         = {Evaluation of Potential Rebuilding Strategies for Outside {Yelloweye Rockfish} in {British Columbia}},
  journal       = {DFO Can. Sci. Advis. Sec. Advis. Rep.},
  number        = {2020/024},
  url           = {https://www.dfo-mpo.gc.ca/csas-sccs/Publications/SAR-AS/2020/2020_024-eng.html},
  year          = {2020}
}


@Article{         dick2017,
  author        = {Dick, E. J. and Beyer, Sabrina and Mangel, Marc and Ralston,
                  Stephen},
  title         = {A meta-analysis of fecundity in rockfishes (genus
                  {\emph{Sebastes})}},
  journal       = {Fish. Res.},
  volume        = {187},
  pages         = {73-85},
  issn          = {0165-7836},
  doi           = {https://doi.org/10.1016/j.fishres.2016.11.009},
  url           = {http://www.sciencedirect.com/science/article/pii/S0165783616303745},
  year          = {2017}
}

@Article{         doherty2019,
  author        = {Doherty, Beau and Benson, Ashleen J. and Cox, Sean P.},
  title         = {Data summary and review of the {PHMA} hard bottom longline
                  survey in {British Columbia} after the first 10 years
                  (2006-2016)},
  journal       = {Can. Tech. Rep. Fish. Aquat. Sci.},
  volume        = {3276},
  pages         = {ix + 75 p.},
  url           = {https://waves-vagues.dfo-mpo.gc.ca/Library/40771118.pdf},
  year          = {2019}
}

@Article{         dunne2016,
  author        = {Dunne, J.A. and Maschner, H. and Betts, M.W. and Huntly, N. and Russel, R. and Williams, R.J. and Wood, S.A.},
  title         = {The roles and impacts of human hunter-gathers in {North Pacific} marine food webs},
  journal       = {Sci. Rep.},
  volume        = {6},
  pages         = {21179},
  doi           = {10.1038/srep21179},
  year          = {2016}
}

@Article{         eckert2018,
  author        = {Eckert, Lauren E. and Ban, Natalie C. and Frid, Alejandro and
                  McGreer, Madeleine},
  title         = {Diving back in time: Extending historical baselines for
                  yelloweye rockfish with {Indigenous} knowledge},
  journal       = {Aquat. Conserv.},
  volume        = {28},
  number        = {1},
  pages         = {158-166},
  issn          = {1099-0755},
  doi           = {10.1002/aqc.2834},
  url           = {http://dx.doi.org/10.1002/aqc.2834},
  year          = {2018}
}

@Article{         favaro2010,
  author        = {Favaro, Brett and Rutherford, Dennis T. and Duff, Stefanie D.
                  and CÃ´tÃ©, Isabelle M.},
  title         = {Bycatch of rockfish and other species in {British Columbia}
                  spot prawn traps: Preliminary assessment using research
                  traps},
  journal       = {Fish. Res.},
  volume        = {102},
  number        = {1-2},
  pages         = {199-206},
  issn          = {0165-7836},
  url           = {http://www.sciencedirect.com/science/article/B6T6N-4XV06R8-2/2/f1c7829f563320c660d6b5e64061e5fd},
  year          = {2010}
}

@Article{         field2005,
  author        = {Field, J. C. and Ralston, S.},
  title         = {Spatial variability in rockfish ({\emph{Sebastes spp.}})
                  recruitment events in the {California Current System}},
  journal       = {Can. J. Fish. Aquat. Sci.},
  volume        = {62},
  number        = {10},
  pages         = {2199-2210},
  issn          = {0706-652X},
  doi           = {10.1139/f05-134},
  url           = {<Go to ISI>://000232856100003},
  year          = {2005}
}

@Book{            ford2014,
  author        = {Ford,John K.B.},
  title         = {{Marine Mammals of British Columbia}},
  publisher     = {{Royal BC Museum}},
  address       = {Victoria},
  year          = {2014}
}

@Article{         ford2010,
  author        = {Ford, J.K.B and Wright, B.M. and Ellis, G.M. and Candy, J.R.},
  title         = {Chinook salmon predation by resident killer whales: seasonal and regional selectivity, stock identity of prey, and consumption rates},
  journal       = {DFO Can. Sci. Advis. Sec. Res. Doc.},
  volume        = {2009/101. iv + 43 p.},
  year          = {2010}
}

@Article{         forrest2010,
  author        = {Forrest, R. E. and McAllister, M. K. and Dorn, M. W. and
                  Martell, S. J. D. and Stanley, R. D.},
  title         = {Hierarchical {Bayesian} estimation of recruitment parameters
                  and reference points for {Pacific} rockfishes ({\emph{Sebastes
                  spp.}}) under alternative assumptions about the stock-recruit
                  function},
  journal       = {Can. J. Fish. Aquat. Sci.},
  volume        = {67},
  number        = {10},
  pages         = {1611-1634},
  issn          = {0706-652X},
  doi           = {10.1139/f10-077},
  url           = {<Go to ISI>://000282589200006},
  year          = {2010}
}

@Article{         forrest2015,
  author        = {Forrest, Robyn E. and Savina, Marie and Fulton, Elizabeth A.
                  and Pitcher, Tony J.},
  title         = {Do marine ecosystem models give consistent policy
                  evaluations? A comparison of {Atlantis} and {Ecosim}},
  journal       = {Fish. Res.},
  volume        = {167},
  pages         = {293-312},
  doi           = {http://dx.doi.org/10.1016/j.fishres.2015.03.010},
  year          = {2015}
}

@Article{         frid2016,
  author        = {Frid, Alejandro and McGreer, Madeleine and Haggarty, Dana R.
                  and Beaumont, Julie and Gregr, Edward J.},
  title         = {Rockfish size and age: The crossroads of spatial protection,
                  central place fisheries and {Indigenous} rights},
  journal       = {Glob. Ecol. Conserv.},
  volume        = {8},
  pages         = {170-182},
  issn          = {2351-9894},
  doi           = {https://doi.org/10.1016/j.gecco.2016.09.008},
  url           = {http://www.sciencedirect.com/science/article/pii/S2351989416300920},
  year          = {2016}
}

@Article{         frid2018,
  author        = {Frid, Alejandro and McGreer, Madeleine and Gale, Katie SP and
                  Rubidge, Emily and Blaine, Tristan and Reid, Mike and Olson,
                  Angeleen and Hankewich, Sandie and Mason, Ernest and Rolston,
                  Dave and Tallio, Ernest},
  title         = {The areaâ€“heterogeneity tradeoff applied to spatial
                  protection of rockfish ({\emph{Sebastes spp.}}) species
                  richness},
  journal       = {Conserv. Lett.},
  volume        = {11},
  number        = {6},
  pages         = {e12589},
  issn          = {1755-263X},
  doi           = {10.1111/conl.12589},
  url           = {https://conbio.onlinelibrary.wiley.com/doi/abs/10.1111/conl.12589},
  year          = {2018}
}

@TechReport{      gertseva2017,
  author        = {Gertseva, V. and Cope, Jason M.},
  title         = {Stock assessment of the yelloweye rockfish ({\emph{Sebastes
                  ruberrimus}}) in state and Federal waters off {California,
                  Oregon and Washington}},
  institution   = {Pacific Fishery Management Council},
  url           = {https://www.pcouncil.org/groundfish/stock-assessments/},
  year          = {2017}
}

@Manual{          gfdata,
  title         = {{gfdata}: Data Extraction for {DFO PBS} Groundfish Stocks. R
                  package version 0.0.0.9000.
                  {\url{https://github.com/pbs-assess/gfdata}}},
  author        = {Elise A. Keppel and Sean C. Anderson and Andrew M. Edwards
                  and Chris Grandin},
  note          = {R package version 0.0.0.9000},
  url           = {https://github.com/pbs-assess/gfdata}
}

@Manual{          gfdata,
  title         = {{gfdata}: Data Extraction for {DFO PBS} Groundfish Stocks. R
                  package version 0.0.0.9000.
                  {\url{https://github.com/pbs-assess/gfdata}}},
  author        = {Elise A. Keppel and Sean C. Anderson and Andrew M. Edwards
                  and Chris Grandin},
  note          = {R package version 0.0.0.9000},
  url           = {https://github.com/pbs-assess/gfdata}
}

@Manual{          gfdlm,
  title         = {{gfdlm}: Tools for Working With {DLMtool} and {MSEtool}.
                  R package version 0.0.1.9000.
                  {\url{https://github.com/pbs-assess/gfdlm}}},
  author        = {Sean C. Anderson and Chris Grandin and Robyn E. Forrest},
  note          = {R package version 0.0.1.9000},
  year          = {2020},
  url           = {https://github.com/pbs-assess/gfdlm}
}

@Manual{          gfplot,
  title         = {{gfplot}: Data Extraction and Plotting for {DFO} {PBS}
                  Groundfish Stocks. R package version 0.1.4.
                  {\url{https://github.com/pbs-assess/gfplot}}},
  author        = {Sean C. Anderson and Elise A. Keppel and Andrew M. Edwards
                  and Chris Grandin},
  note          = {R package version 0.1.4},
  url           = {https://github.com/pbs-assess/gfplot},
  year          = {2020}
}

@PhDThesis{       haggarty2015,
  author        = {Haggarty, D.R.},
  title         = {An Evaluation of the Effectiveness of Rockfish Conservation
                  Areas in {British Columbia, Canada}},
  university    = {{University of British Columbia}},
  type          = {Thesis},
  url           = {http://hdl.handle.net/2429/55510},
  year          = {2015}
}

@Article{         haggarty2016,
  author        = {Haggarty, Dana R. and Martell, Steve J. D. and Shurin,
                  Jonathan B.},
  title         = {Lack of recreational fishing compliance may compromise
                  effectiveness of Rockfish Conservation Areas in {British
                  Columbia}},
  journal       = {Can. J. Fish. Aquat. Sci.},
  volume        = {73},
  number        = {10},
  pages         = {1587-1598},
  issn          = {0706-652X},
  doi           = {10.1139/cjfas-2015-0205},
  url           = {http://dx.doi.org/10.1139/cjfas-2015-0205},
  year          = {2016}
}

@Article{         haggarty2016b,
  author        = {Haggarty, Dana R. and Shurin, Jonathan B. and Yamanaka, K.
                  Lynne},
  title         = {Assessing population recovery inside {British Columbiaâ€™s}
                  Rockfish Conservation Areas with a remotely operated vehicle},
  journal       = {Fish. Res.},
  volume        = {183},
  pages         = {165-179},
  issn          = {0165-7836},
  doi           = {http://dx.doi.org/10.1016/j.fishres.2016.06.001},
  url           = {http://www.sciencedirect.com/science/article/pii/S0165783616301898},
  year          = {2016}
}

@TechReport{      haggarty2017,
  author        = {Haggarty, D. R. and Flemming, R. and Cooke, K. and Deleys, N.
                  and Yamanaka, K. L.},
  title         = {Remotely Operated Vehicle Surveys of Rockfish Conservation
                  Areas in British Columbia, February 2009-July 2011},
  number        = {3189},
  url           = {http://waves-vagues.dfo-mpo.gc.ca/Library/40616368.pdf},
  year          = {2017}
}

@Article{         haggarty2018,
  author        = {Haggarty, Dana and Yamanaka, Lynne},
  title         = {Evaluating Rockfish Conservation Areas in southern {British
                  Columbia, Canada} using a Random Forest model of rocky reef
                  habitat},
  journal       = {Estuar. Coast. Shelf. S.},
  volume        = {208},
  pages         = {191-204},
  issn          = {0272-7714},
  doi           = {https://doi.org/10.1016/j.ecss.2018.05.011},
  url           = {https://www.sciencedirect.com/science/article/pii/S0272771418302841},
  year          = {2018}
}

@Article{         haigh2011,
  author        = {Haigh, Rowan and Yamanaka, K. Lynne},
  title         = {Catch history reconstruction for rockfish ({\emph{Sebastes
                  spp.}}) caught in {British Columbia} coastal waters},
  journal       = {DFO Can. Tech. Rep. Fish. Aquat. Sci.},
  volume        = {2943},
  pages         = {viii + 124 p.},
  year          = {2011}
}

@Article{         haigh2019,
  author        = {Haigh, Rowan and Starr, Paul J. and Edwards, A.M. and King,
                  Jacquelynne R. and Lecomte, Jean-Baptiste},
  title         = {Stock assessment for {Pacific Ocean Perch} ({\emph{Sebastes
                  alutus}}) in {Queen Charlotte Sound}, {British Columbia} in
                  2017.},
  journal       = {DFO Can. Sci. Advis. Sec. Res. Doc.},
  year          = {2019},
  volume        = {2019/038},
  pages         = {v + 227 p.}
}

@Article{         haigh2020,
  title         = {Bocaccio ({\emph{Sebastes paucispinis}}) stock assessment for
                  {British} {Columbia} in 2019, including guidance for
                  rebuilding plans},
  journal       = {DFO Can. Sci. Advis. Sec. Sci. Advis. Rep.},
  volume        = {2020/025},
  author        = {DFO},
  year          = {2020}
}

@Article{         haldorson1991,
  author        = {Haldorson, L. J. and Love, M.},
  title         = {Maturity and fecundity in the rockfishes, {\emph{Sebastes
                  spp}}., a review},
  journal       = {Marine Fisheries Review},
  volume        = {53},
  number        = {2},
  pages         = {25-31},
  year          = {1991}
}

@Article{         hannah2011,
  author        = {Hannah, Robert W. and Rankin, Polly S.},
  title         = {Site Fidelity and Movement of Eight Species of {Pacific}
                  Rockfish at a High-Relief Rocky Reef on the {Oregon} Coast},
  journal       = {N. Am. J. Fish. Manage.},
  volume        = {31},
  number        = {3},
  pages         = {483-494},
  issn          = {0275-5947},
  doi           = {10.1080/02755947.2011.591239},
  url           = {http://dx.doi.org/10.1080/02755947.2011.591239},
  year          = {2011}
}

@Article{         harms2010,
  author        = {Harms, John H. and Wallace, John R. and Stewart, Ian J.},
  title         = {Analysis of fishery-independent hook and line-based data for
                  use in the stock assessment of bocaccio rockfish
                  ({\emph{Sebastes paucispinis}})},
  journal       = {Fish. Res.},
  volume        = {106},
  number        = {3},
  pages         = {298-309},
  issn          = {0165-7836},
  url           = {http://www.sciencedirect.com/science/article/B6T6N-50XV95G-1/2/30f875557d782b834039b8341f4c7b44},
  year          = {2010}
}

@Article{         harvey2006,
  author        = {Harvey, Chris J. and Tolimieri, Nick and Levin, Phillip S.},
  title         = {Changes in body size, abundance, and energy allocation in
                  rockfish assemblages of the {Northeast Pacific}},
  journal       = {Ecol. Appl.},
  volume        = {16},
  number        = {4},
  pages         = {1502-1515},
  issn          = {1051-0761},
  doi           = {10.1890/1051-0761(2006)016[1502:cibsaa]2.0.co;2},
  url           = {<Go to ISI>://WOS:000239726700021},
  year          = {2006}
}


@Book{            hilbe2011,
  title         = {Negative {{Binomial Regression}}},
  author        = {Hilbe, Joseph M},
  year          = {2011},
  publisher     = {{Cambridge University Press}}
}

@Article{         head2016,
  author        = {Head, M.A. and Stokes, G.L. and Thorson, J.T. and Keller, A.A.},
  title         = {Techniques for improving estimates of maturity ogives in groundfish using double-reads and measurement error models},
  journal       = {Fish Res.},
  volume        = {179},
  number        = {},
  pages         = {251-258},
  issn          = {1051-0761},
  doi           = {http://dx.doi.org/10.1016/j.fishres.2016.03.004},
  url           = {<Go to ISI>://WOS:000239726700021},
  year          = {2016}
}

@Article{         holt2016,
  author        = {Holt, Kendra R. and King, Jacquelynne R. and Krishka, Brian A.},
  title         = {Stock Assessment for Lingcod ({\emph{Ophiodon elongatus}}) in the {Strait} of {Georgia}, {British Columbia} in 2014},
  journal       = {DFO Can. Sci. Advis. Sec. Res. Doc.},
  number        = {2016/013},
  url           = {https://waves-vagues.dfo-mpo.gc.ca/Library/363960.pdf},
  year          = {2016}
}

@Article{         hurtado2015,
  title         = {Looking in the rear-view mirror: bias and retrospective
                  patterns in integrated, age-structured stock assessment
                  models},
  volume        = {72},
  issn          = {1054-3139, 1095-9289},
  url           = {https://academic.oup.com/icesjms/article/72/1/99/2804338},
  doi           = {10.1093/icesjms/fsu198},
  number        = {1},
  journal       = {{ICES} J. Mar. Sci.},
  author        = {Hurtado-Ferro, Felipe and Szuwalski, Cody S. and Valero, Juan
                  L. and Anderson, Sean C. and Cunningham, Curry J. and Johnson,
                  Kelli F. and Licandeo, Roberto and McGilliard, Carey R. and
                  Monnahan, Cole C. and Muradian, Melissa L. and Ono, Kotaro and
                  Vert-Pre, Katyana A. and Whitten, Athol R. and Punt, Andre
                  E.},
  year          = {2015},
  pages         = {99--110}
}

@Article{         hutchings2010,
  author        = {Hutchings, J. A. and Minto, C. and Ricard, D. and Baum, J. K.
                  and Jensen, O. P.},
  title         = {Trends in the abundance of marine fishes},
  journal       = {Can. J. Fish. Aquat. Sci.},
  volume        = {67},
  number        = {8},
  pages         = {1205-1210},
  issn          = {0706-652X},
  doi           = {10.1139/f10-081},
  url           = {<Go to ISI>://000281208400001},
  year          = {2010}
}

@Article{         hutchings2012,
  author        = {Hutchings, Jeffrey A. and Myers, Ransom A. and GarcÃ­a,
                  VerÃ³nica B. and Lucifora, Luis O. and Kuparinen, Anna},
  title         = {Life-history correlates of extinction risk and recovery
                  potential},
  journal       = {Ecol. Appl.},
  volume        = {22},
  number        = {4},
  pages         = {1061-1067},
  issn          = {1939-5582},
  doi           = {10.1890/11-1313.1},
  url           = {http://dx.doi.org/10.1890/11-1313.1},
  year          = {2012}
}

@Article{         hutchings2015,
  author        = {Hutchings, Jeffrey A.},
  title         = {Thresholds for impaired species recovery},
  journal       = {P. Roy. Soc. B-Biol. Sci.},
  volume        = {282},
  number        = {1809},
  doi           = {10.1098/rspb.2015.0654},
  url           = {http://rspb.royalsocietypublishing.org/content/royprsb/282/1809/20150654.full.pdf},
  year          = {2015}
}

@Article{         hutchings2017,
  author        = {Hutchings, Jeffrey A. and Kuparinen, Anna},
  title         = {Empirical links between natural mortality and recovery in
                  marine fishes},
  journal       = {P. Roy. Soc. B-Biol. Sci.},
  volume        = {284},
  number        = {1856},
  doi           = {10.1098/rspb.2017.0693},
  url           = {http://rspb.royalsocietypublishing.org/content/royprsb/284/1856/20170693.full.pdf},
  year          = {2017}
}

@Article{         huynh2020,
  title         = {The interim management procedure approach for assessed
                  stocks: {Responsive} management advice and lower assessment
                  frequency},
  shorttitle    = {The interim management procedure approach for assessed
                  stocks},
  doi           = {10.1111/faf.12453},
  urldate       = {2020-03-05},
  journal       = {Fish and Fish.},
  author        = {Huynh, Quang C. and Hordyk, Adrian R. and Forrest, Robyn E.
                  and Porch, Clay E. and Anderson, Sean C. and Carruthers,
                  Thomas R.},
  year          = {2020},
  volume        = {In press}
}

@InCollection{    ices2016criteria,
  title         = {{ICES} Criteria for Defining Multi-Annual Plans as
                  Precautionary. {ICES Advice Technical Guidelines}, {Section}
                  12.4.10},
  booktitle     = {{ICES Advice} 2016, {Book} 12},
  year          = {2016},
  author        = {ICES}
}


@TechReport{      ifmp2018,
  title         = {{\link{http://waves-vagues.dfo-mpo.gc.ca/Library/40657814.pdf}{{ Pacific Region Integrated Fishery Management Plan. Groundfish}}}.
                  {Effective February} 21, 2018},
  author        = {DFO},
  year          = {2018}
}

@Article{         keller2019,
  author        = {Keller, A. A. and Harms, J. H. and Wallace, J. R. and Jones,
                  C. and Benante, J. A. and Chappell, A.},
  title         = {Changes in long-lived rockfishes after more than a decade of
                  protection within {California's} largest marine reserve},
  journal       = {Mar. Ecol. Prog. Ser.},
  volume        = {623},
  pages         = {175-193},
  url           = {https://www.int-res.com/abstracts/meps/v623/p175-193/},
  year          = {2019}
}

@Article{         keppel2019,
  author        = {Keppel, E.A. and Olsen, Norm},
  title         = {{Pre-COSEWIC} review of {Yelloweye Rockfish} ({\emph{Sebastes
                  ruberrimus}}) along the {Pacific} Coast of {Canada}: biology,
                  distribution and abundance trends},
  journal       = {DFO Can. Sci. Advis. Sec. Res. Doc},
  volume        = {2019/014},
  year          = {2019}
}

@Article{         king2012,
  author        = {King, J.R. and McPhie, R.P. and Morrison, P.R.},
  title         = {Biological Results of the {Strait} of {Georgia Spiny Dogfish}
                  ({\emph{Squalus suckleyi}}) longline survey {October} 7-15,
                  2011},
  journal       = {DFO Can. Tech. Rep. Fish. Aquat. Sci.},
  volume        = {2975},
  pages         = {iii + 24 p.},
  year          = {2012}
}

@Article{         krieger1996,
  author        = {Krieger, K. J. and Sigler, M. F.},
  title         = {Catchability coefficient for rockfish estimated from trawl
                  and submersible surveys},
  journal       = {Fish. B-NOAA.},
  volume        = {94},
  number        = {2},
  pages         = {282-288},
  issn          = {0090-0656},
  year          = {1996}
}

@InBook{          kronlund2001,
  author        = {Kronlund, A. R. and Yamanaka, K. L.},
  title         = {Yelloweye rockfish ({\emph{Sebastes ruberrimus}}) life
                  history parameters assessed from areas with contrasting
                  fishing histories},
  booktitle     = {{Spatial Processes and Management of Marine Populations}},
  editor        = {Kruse, G. H. and Bez, N. and Booth, A. and Dorn, M. W. and
                  Hills, S. and Lipcius, R. N. and Pelletier, D. and Roy, C. and
                  Smith, S. J. and Witherell, D.},
  series        = {Lowell Wakefield Fisheries Symposia Series},
  volume        = {17},
  pages         = {257-280},
  isbn          = {1-56612-068-3},
  url           = {<Go to ISI>://000174771600013},
  year          = {2001}
}

@Article{         kronlund2020,
  author        = {Kronlund, A.R. and Marentette, J.R. and Olmstead, M. and Shaw, J. and Beauchamp, B.},
  title         = {Considerations for the design of rebuilding strategies for Canadian fish stocks},
  journal       = {DFO. Can. Sci. Advis. Sec. Res. Doc.},
  volume        = {2021/051},
  pages         = {viii + 134 p.},
  year          = {2020}
}

@Article{         kuriyama2018,
  author        = {Kuriyama, Peter T. and Branch, Trevor A. and Hicks, Allan C.
                  and Harms, John H. and Hamel, Owen S.},
  title         = {Investigating three sources of bias in hook-and-line surveys:
                  survey design, gear saturation, and multispecies
                  interactions},
  journal       = {Can. J. Fish. Aquat. Sci.},
  volume        = {76},
  number        = {2},
  pages         = {192-207},
  issn          = {0706-652X},
  doi           = {10.1139/cjfas-2017-0286},
  url           = {https://doi.org/10.1139/cjfas-2017-0286},
  year          = {2018}
}

@PhDThesis{       lancaster2015,
  author        = {Lancaster, D.},
  title         = {Conservation and compliance: A quantitative assessment of
                  recreational fisher compliance in Rockfish Conservation
                  Areas},
  university    = {University of Victoria},
  year          = {2015},
  type          = {Thesis}
}

@Article{         lewis2004,
  author        = {Lewis, D.M. },
  title         = {West Coast {Vancouver Island} sport fishery creel survey
                  statistics 2001 and historical data 1984-2000},
  journal       = {Can. Manuscr. Rep. Fish. Aquat. Sci.},
  number        = {2639},
  pages         = {66 p.},
  year          = {2004}
}

@Article{         lincandeo2020,
  author        = {Lincandeo, R. and Duplisea, Daniel E. and Senay, Caroline and Marantette, Julie R. and McAllister, Murdoch K. },
  title         = {Management strategies for spasmodic stocks: a {Canadian Atlantic} redfish fishery case study},
  journal       = {Can. J. Fish. Aquat. Sci.},
  volume        = {77},
  pages         = {684-702},
  year          = {2020}
}


@Article{         lindgren2011,
  title         = {An Explicit Link between {{Gaussian}} Fields and {{Gaussian
                  Markov}} Random Fields: The Stochastic Partial Differential
                  Equation Approach},
  author        = {Lindgren, Finn and Rue, H{\aa}vard and Lindstr{\"o}m, Johan},
  year          = {2011},
  volume        = {73},
  pages         = {423-498},
  doi           = {10.1111/j.1467-9868.2011.00777.x},
  journal       = {J. R. Stat. Soc. B.},
  number        = {4}
}

@Article{         livingston2017,
  title         = {Quantifying food web interactions in the North Pacific â€“ a data-based approach},
  author        = {Livingston, Patricia A. and Aydin, Kerim and Buckley, Troy W. and Lang, Geoffrey M. and Yang, Mei-Sun and Miller, Bruce S.},
  year          = {2017},
  volume        = {100},
  issue         = {4},
  pages         = {443-470},
  doi           = {10.1007/s10641-017-0587-0},
  journal       = {Environmental Biology of Fishes},
  number        = {4}
}

@Article{         lochead2004,
  author        = {Lochead, J. K. and Yamanaka, K. L.},
  title         = {A new longline survey to index inshore rockfish
                  ({\emph{Sebastes spp.}}): Summary report on the pilot survey
                  conducted in Statistical Areas 12 and 13, {August}
                  17-{September} 6, 2003.},
  journal       = {DFO Can. Tech. Rep. Fish. Aquat. Sci},
  volume        = {2567},
  pages         = {59 p.},
  year          = {2004}
}

@Article{         lochead2007,
  author        = {Lochead, J. K. and Yamanaka, K. L.},
  title         = {Summary report for the inshore rockfish ({\emph{Sebastes
                  spp.}}) longline survey conducted in Statistical Areas 14 to
                  20, 28 and 29, from August 11 - September 6, 2005},
  journal       = {DFO Can. Tech. Rep. Fish. Aquat. Sci},
  volume        = {2690},
  pages         = {viii + 53 p.},
  year          = {2007}
}

@Article{         logan2005,
  author        = {Logan, G. and de la Mare, W. and King, J. and Haggarty, D.},
  title         = {Management framework for {Strait} of {Georgia Lingcod}},
  journal       = {DFO Can. Sci. Advis. Sec. Res. Doc.},
  number        = {2005/048},
  url           = {https://waves-vagues.dfo-mpo.gc.ca/Library/317032.pdf},
  year          = {2005}
}

@Article{         lotterhos2014,
  author        = {Lotterhos, Katie E. and Dick, Stefan J. and Haggarty, Dana
                  R.},
  title         = {Evaluation of rockfish conservation area networks in the
                  {United States} and {Canada} relative to the dispersal
                  distance for black rockfish ({\emph{Sebastes melanops}})},
  journal       = {Evol. Appl.},
  volume        = {7},
  number        = {2},
  pages         = {238-259},
  issn          = {1752-4571},
  doi           = {10.1111/eva.12115},
  url           = {http://dx.doi.org/10.1111/eva.12115},
  year          = {2014}
}

@Book{            love2002,
  author        = {Love, M. and Yoklavich, M. and Thorsteinson, L.},
  title         = {{The Rockfishes of the Northeast Pacific}},
  publisher     = {University of California Press},
  address       = {Los Angeles},
  year          = {2002}
}

@Article{         maclellan1997,
  author        = {MacLellan, S. E.},
  title         = {How to age rockfish using {\emph{S. alutus}} as an example -
                  the otolith burnt section technique},
  journal       = {DFO Can. Tech. Rep. Fish. Aquat. Sci.},
  volume        = {2146},
  pages         = {39 p.},
  year          = {1997}
}

@Article{         majewski2020,
  author        = {Majewski, S. and Szaniszlo, W. and Nordstrom, C.A. and Abernethy, R.M. and Tucker, S.},
  title         = {Trends in abundance of {Steller Sea Lions} {\emph{Eumetopias jubatus}} in {British Columbia}: updates from 2016-17 aerial surveys.},
  journal       = {DFO Can. Sci. Advis. Sec. Res. Doc.},
  volume        = {2020/xxx. v + xx p.},
  year          = {2020}
}

@Article{         marushka2019,
  author        = {Marushka, Lesya and Kenny, Tiff Annie and Batal, Malek and
                  Cheung, William W.L. and Fediuk, Karen and Golden, Christopher
                  D. and Salomon, Anne K. and Sadik, Tonio and Weatherdon,
                  Lauren V. and Chan, Hing Man},
  title         = {Potential impacts of climate-related decline of seafood
                  harvest on nutritional status of coastal {First Nations} in
                  {British Columbia, Canada}},
  journal       = {PLOS ONE},
  volume        = {14},
  number        = {2},
  pages         = {e0211473},
  year          = {2019}
}

@Article{         mcfarlane2005,
  author        = {McFarlane, G.A. and King, J.R. and Hodes, V.R. and Andrews,
                  W.T.},
  title         = {{Strait} of {Georgia Spiny Dogfish} ({\emph{Squalus
                  acanthias}}) longline survey: Hook comparison study,
                  {November} 12-25, 2004},
  journal       = {Can. Man. Rep. Fish. Aquat. Sci.},
  number        = {2721},
  pages         = {19 p},
  year          = {2005}
}

@Article{         mcgreer2017,
  author        = {McGreer, Madeleine and Frid, Alejandro},
  title         = {Declining size and age of rockfishes ({\emph{Sebastes spp.}})
                  inherent to {Indigenous} cultures of {Pacific Canada}},
  journal       = {Ocean. Coast. Manage.},
  volume        = {145},
  pages         = {14-20},
  issn          = {0964-5691},
  doi           = {https://doi.org/10.1016/j.ocecoaman.2017.04.019},
  url           = {http://www.sciencedirect.com/science/article/pii/S0964569117300959},
  year          = {2017}
}

@Article{         mohn1999,
  author        = {Mohn, R},
  title         = {The retrospective problem in sequential population analysis:
                  {An} investigation using cod fishery and simulated data},
  volume        = {56},
  issn          = {10543139},
  doi           = {10.1006/jmsc.1999.0481},
  number        = {4},
  urldate       = {2020-03-16},
  journal       = {{ICES} J. Mar. Sci.},
  year          = {1999},
  pages         = {473--488}
}

@Article{         o'farrell2006,
  author        = {O'Farrell, M. R. and Botsford, L. W.},
  title         = {Estimating the status of nearshore rockfish ({\emph{Sebastes
                  spp.}}) populations with length frequency data},
  journal       = {Ecol. Appl.},
  volume        = {16},
  number        = {3},
  pages         = {977-986},
  issn          = {1051-0761},
  url           = {<Go to ISI>://000238451500013},
  year          = {2006}
}

@PhDThesis{       obradovich2018,
  author        = {Obradovich, Shannon Grace},
  title         = {Evaluating key assumptions of a hook-based relative abundance
                  index derived from the catch of bottom longlines},
  university    = {University of British Columbia},
  year          = {2018},
  type          = {Thesis}
}

@Article{         oconnell1993,
  author        = {Oconnell, V. M. and Carlile, D. W.},
  title         = {Habitat-specific density of adult yelloweye rockfish
                  {\emph{Sebastes-ruberrimus}} in the {Eastern Gulf} of
                  {Alaska}},
  journal       = {Fish. Bull.},
  volume        = {91},
  number        = {2},
  pages         = {304-309},
  issn          = {0090-0656},
  url           = {<Go to ISI>://A1993LV38000011},
  year          = {1993}
}

@Article{         olesiuk2018,
  author        = {Olesiuk, P.F.},
  title         = {Recent trends in abundance of {Steller} Sea Lions
                  ({\emph{Eumetopias jubatus}}) in {British Columbia}},
  journal       = {DFO Can. Sci. Advis. Sec. Res. Doc},
  volume        = {2018/006},
  pages         = {67 p.},
  year          = {2018}
}

@Article{         richards1986,
  author        = {Richards, L. J.},
  title         = {Depth and habitat distributions of 3 species of rockfish
                  ({\emph{Sebastes}) in {British Columbia} - observations from
                  the submersible {Pisces}-iv}},
  journal       = {Environ. Biol. Fish.},
  volume        = {17},
  number        = {1},
  pages         = {13-21},
  issn          = {0378-1909},
  url           = {<Go to ISI>://A1986D904800002},
  year          = {1986}
}

@Article{         rose2001,
  title         = {Compensatory density dependence in fish populations:
                  {Importance}, controversy, understanding and prognosis:
                  {Compensation} in fish populations},
  journal       = {Fish. Fish.},
  author        = {Rose, Kenneth A and Cowan, James H and Winemiller, Kirk O and
                  Myers, Ransom A and Hilborn, Ray},
  volume        = {2},
  issn          = {14672960},
  url           = {http://doi.wiley.com/10.1046/j.1467-2960.2001.00056.x},
  doi           = {10.1046/j.1467-2960.2001.00056.x},
  number        = {4},
  year          = {2001},
  pages         = {293--327}
}

@Article{         schnute1995,
  author        = {Schnute, J. T. and Richards, L. J.},
  title         = {The influence of error on population estimates from catch-age
                  models},
  journal       = {Can. J. Fish. Aquat. Sci.},
  volume        = {52},
  number        = {10},
  pages         = {2063-2077},
  issn          = {0706-652X},
  doi           = {10.1139/f95-800},
  url           = {<Go to ISI>://WOS:A1995TQ59400001},
  year          = {1995}
}

@Manual{          sdmtmb,
  title         = {\link{https://github.com/pbs-assess/sdmTMB}{sdmTMB}: Spatiotemporal Species Distribution GLMMs with
                  {TMB}. R package version 0.0.3.9000},
  author        = {Sean C. Anderson and Philina A. English and Eric J. Ward},
  year          = {2020}
}

@PhDThesis{       siegle2011,
  author        = {Siegle, M.R.},
  title         = {Population structure in yelloweye rockfish ({\emph{Sebastes
                  ruberrimus}}) driven by limited dispersal and selection. },
  university    = {University of British Columbia: Canada.},
  year          = {2011},
  type          = {Thesis}
}

@Article{         siegle2013,
  author        = {Siegle, Matthew R. and Taylor, Eric B. and Miller, Kristi M.
                  and Withler, Ruth E. and Yamanaka, K. Lynne},
  title         = {Subtle Population Genetic Structure in {Yelloweye Rockfish}
                  ({\emph{Sebastes ruberrimus}}) Is Consistent with a Major
                  Oceanographic Division in {British Columbia, Canada}},
  journal       = {PLoS ONE},
  volume        = {8},
  number        = {8},
  pages         = {e71083},
  doi           = {10.1371/journal.pone.0071083},
  url           = {http://dx.doi.org/10.1371%2Fjournal.pone.0071083},
  year          = {2013}
}

@Article{         spies2015,
  author        = {Spies, Ingrid and Spencer, Paul D. and Punt, AndrÃ© E.},
  title         = {Where do we draw the line? A simulation approach for
                  evaluating management of marine fish stocks with
                  isolation-by-distance stock structure},
  journal       = {Can. J. Fish. Aquat. Sci.},
  volume        = {72},
  number        = {7},
  pages         = {968-982},
  issn          = {0706-652X},
  doi           = {10.1139/cjfas-2014-0366},
  url           = {https://doi.org/10.1139/cjfas-2014-0366},
  year          = {2015}
}

@Article{         stanley2009,
  author        = {Stanley, Richard D. and Olsen, Norm and Fedoruk, Andrew},
  title         = {Independent Validation of the Accuracy of {Yelloweye
                  Rockfish} Catch Estimates from the {Canadian} Groundfish
                  Integration Pilot Project},
  journal       = {Mar. Coast. Fish.},
  volume        = {1},
  number        = {1},
  pages         = {354-362},
  issn          = {null},
  doi           = {10.1577/C09-005.1},
  url           = {http://dx.doi.org/10.1577/C09-005.1},
  year          = {2009}
}

@Article{         stanley2012,
  author        = {Stanley, Richard D. and McAllister, Murdoch K. and Starr,
                  Paul and Olsen, Norm},
  title         = {Stock assessment for {Bocaccio} ({\emph{Sebastes
                  paucispinis}}) in {British Columbia} waters},
  journal       = {DFO Can. Sci. Advis. Sec. Res. Doc.},
  volume        = {2009/055},
  year          = {2012}
}

@article{        starr2015,
  title         = {Variation in Responses of Fishes across Multiple Reserves within a Network of Marine Protected Areas in Temperate Waters},
  journal       = {PLOS ONE},
  volume        = {10},
  pages         = {e0118502},
  year          = {2015},
  issn          = {1574-9541},
  doi           = {https://doi.org/10.1371/journal.pone.0118502.},
  author        = {Starr, Richard M. and Wendt, Dean E. and Barnes, Cheryl L. and Marks, Corina I. and Malone, Dan and Waltz, Grant and Schmidt, Katherine T. and Chiu, Jennifer and Launer, Andrea L. and Hall, Nathan C. and Yochum, NoÃ«lle}
}


@article{         szoboszlai2015,
  title         = {Forage species in predator diets: {Synthesis} of data from the {California Current}},
  journal       = {Ecol. Inform.},
  volume        = {29},
  pages         = {45 - 56},
  year          = {2015},
  issn          = {1574-9541},
  doi           = {https://doi.org/10.1016/j.ecoinf.2015.07.003},
  author        = {Amber I. Szoboszlai and Julie A. Thayer and Spencer A. Wood and William J. Sydeman and Laura E. Koehn}
}

@Article{         tmb,
  title         = {{TMB}: Automatic Differentiation and {Laplace}
                  Approximation},
  author        = {Kasper Kristensen and Anders Nielsen and Casper W. Berg and
                  Hans Skaug and Bradley M. Bell},
  journal       = {J. Stat. Softw.},
  year          = {2016},
  volume        = {70},
  number        = {5},
  pages         = {1--21},
  doi           = {10.18637/jss.v070.i05}
}

@Article{         winemiller1992,
  title         = {Patterns of Life-History Diversification in {North}
                  {American} Fishes: implications for Population Regulation},
  author        = {Winemiller, Kirk O. and Rose, Kenneth A.},
  volume        = {49},
  issn          = {0706-652X, 1205-7533},
  url           = {http://www.nrcresearchpress.com/doi/10.1139/f92-242},
  doi           = {10.1139/f92-242},
  number        = {10},
  journal       = {Can. J. Fish. Aquat. Sci.},
  year          = {1992},
  pages         = {2196--2218}
}

@Article{         warner1985,
  title         = {Coexistence Mediated by Recruitment Fluctuations: A Field Guide to the Storage Effect},
  volume        = {125},
  issn          = {},
  url           = {},
  doi           = {},
  number        = {6},
  journal       = {The American Naturalist},
  author        = {Warner, Robert R. and Chesson, Peter L.},
  year          = {1985},
  pages         = {769-787}
}

@Article{         winemiller2005,
  title         = {Life history strategies, population regulation, and
                  implications for fisheries management},
  volume        = {62},
  issn          = {0706-652X, 1205-7533},
  url           = {http://www.nrcresearchpress.com/doi/10.1139/f05-040},
  doi           = {10.1139/f05-040},
  number        = {4},
  journal       = {Can. J. Fish. Aquat. Sci.},
  author        = {Winemiller, Kirk O},
  year          = {2005},
  pages         = {872--885}
}

@TechReport{      wood2019,
  title         = {14: Assessment of the demersal shelf rockfish stock complex
                  in the Southeast outside subdistrict of the Gulf of Alaska},
  author        = {Wood, Kellii and Olson, Andrew and Williams, Ben and
                  Jaenicke, Mike},
  year          = {2019},
  institution   = {{NPFMC}}
}

@Article{         yamanaka2001,
  author        = {Yamanaka, K. L. and Lacko, L.},
  title         = {Inshore rockfish ({\emph{Sebastes ruberrimus, S. maliger, S.
                  caurinus, S. melanops, S. nigrocinctus and S. nebulosus}})
                  stock assessment for the West Coast of {Canada} and
                  recommendations for management.},
  journal       = {DFO Can. Sci. Advis. Sec. Res. Doc.},
  volume        = {2001/139},
  year          = {2001}
}

@Article{         yamanaka2004,
  author        = {Yamanaka, K. L. and Lacko, L. and Lochead, J. and Martin, J.
                  and Haigh, R. and Grandin, C. and West, K.},
  title         = {Stock assessment framework for inshore rockfish},
  journal       = {DFO Can. Sci. Advis. Sec. Res. Doc.},
  volume        = {2004/068},
  year          = {2004}
}

@Article{         yamanaka2010,
  author        = {Yamanaka, KL and Logan, G},
  title         = {Developing {British Columbiaâ€™s} Inshore Rockfish
                  Conservation Strategy},
  journal       = {Mar. Coast. Fish.},
  volume        = {2},
  pages         = {28-46},
  doi           = {10.1577/C08-036.1},
  year          = {2010}
}

@Article{         yamanaka2011,
  author        = {Yamanaka, K.L and McAllister, M.K. and Olesiuk, P.F. and
                  Etienne, M.-P. and Obradovich, S.G. and Haigh, R.},
  year          = {2011},
  title         = {Stock assessment for the inside population of {Yelloweye
                  Rockfish} ({\emph{Sebastes ruberrimus}}) for {British
                  Columbia, Canada} for 2010},
  journal       = {DFO Can. Sci. Advis. Sec. Res. Doc.},
  volume        = {2011/129},
  pages         = {xiv + 131~p}
}

@Article{         yamanaka2018yelloweyeoutside,
  author        = {K. Lynne Yamanaka and Murdoch M. McAllister and Marie-Pierre
                  Etienne and Andrew M. Edwards and and Rowan Haigh},
  year          = {2018},
  title         = {Stock assessment for the outside population of {Yelloweye
                  Rockfish} ({\emph{Sebastes ruberrimus}}) for {British
                  Columbia, Canada} in 2014},
  journal       = {DFO Can. Sci. Advis. Sec. Res. Doc.},
  volume        = {2018/001},
  pages         = {ix~+~150~p}
}

@TechReport{      yoklavich1998,
  author        = {Yoklavich, M.},
  title         = {Marine harvest refugia for West Coast rockfish: a workshop},
  institution   = {{NOAA} Technical Memorandum {NMFS}},
  number        = {{NOAA-TM-NMFS-SWFSC-255}},
  month         = {{August} 1998},
  year          = {1998}
}

@Article{         zetterberg2010,
  author        = {Zetterberg, P.R. and Carter, E.W},
  title         = {{Strait} of {Georgia} sport fishery creel survey statistics
                  for salmon and groundfish 2008},
  journal       = {DFO Can. Man. Rep. Fish. Aquat. Sci.},
  volume        = {2929},
  pages         = {x + 123 p},
  year          = {2010}
}
