
@Article{         abookire2006,
  title         = {Reproductive biology, spawning season, and growth of female
                  rex sole ({\emph{Glyptocephalus zachirus}}) in the {Gulf of
                  Alaska}},
  author        = {Abookire, Alisa A},
  journal       = {Fishery Bulletin},
  volume        = {104},
  number        = {3},
  pages         = {350--359},
  year          = {2006}
}

@Article{         albo2016,
  title         = {Off the Radar: Comparative Evaluation of Radial Visualization
                  Solutions for Composite Indicators},
  author        = {Albo, Yael and Lanir, Joel and Bak, Peter and Rafaeli,
                  Sheizaf},
  year          = {2016},
  volume        = {22},
  pages         = {569--578},
  doi           = {10.1109/TVCG.2015.2467322},
  journal       = {IEEE Trans. Vis. Comput. Graph.},
  note          = {Conference Name: IEEE Transactions on Visualization and
                  Computer Graphics},
  number        = {1}
}

@Article{         anderson2017,
  title         = {Improving Estimates of Population Status and Trend with
                  Superensemble Models},
  volume        = {18},
  doi           = {10.1111/faf.12200},
  language      = {en},
  number        = {4},
  journal       = {Fish Fish.},
  author        = {Anderson, Sean C and Cooper, Andrew B and Jensen, Olaf P and
                  Minto, C\'oil\'in and Thorson, James T and Walsh, Jessica C
                  and Afflerbach, Jamie and {Dickey-Collas}, Mark and Kleisner,
                  Kristin M and Longo, Catherine and Osio, Giacomo Chato and
                  Ovando, Daniel and Mosqueira, Iago and Rosenberg, Andrew A and
                  Selig, Elizabeth R},
  year          = {2017},
  pages         = {732-741}
}

@Article{         anderson2017,
  title         = {Black-Swan Events in Animal Populations},
  author        = {Anderson, Sean C. and Branch, Trevor A. and Cooper, Andrew B.
                  and Dulvy, Nicholas K.},
  year          = {2017},
  volume        = {114},
  pages         = {3252--3257},
  doi           = {10.1073/pnas.1611525114},
  journal       = {Proc. Natl. Acad. Sci. USA},
  number        = {12}
}

@Article{         anderson2019,
  title         = {Black Swans in Space: Modelling Spatiotemporal Processes with
                  Extremes},
  author        = {Anderson, Sean C. and Ward, Eric J.},
  year          = {2019},
  volume        = {100},
  pages         = {e02403},
  doi           = {10.1002/ecy.2403},
  journal       = {Ecology},
  language      = {en},
  number        = {1}
}

@Article{         anderson2019synopsis,
  author        = {Anderson, S. C. and Keppel, E. A. and Edwards, A. M.},
  year          = {2019},
  title         = {A reproducible data synopsis for over 100 species of {British
                  Columbia} groundfish},
  journal       = {DFO Can. Sci. Advis. Sec. Res. Doc.},
  volume        = {2019/041
                  {\url{http://www.dfo-mpo.gc.ca/csas-sccs/Publications/ResDocs-DocRech/2019/2019_041-eng.html}}}
}

@Misc{            ausdeptofagfishandfor2007,
  title         = {Commonwealth {{Fisheries Harvest Strategy Policy}} and
                  {{Guidelines}}},
  author        = {{Aus Dept of Ag, Fish, {and} For}},
  year          = {2007}
}

@TechReport{      australianfisheriesmanagementauthorityafma2014,
  title         = {Harvest {{Strategy Framework}} for the {{Southern}} and
                  {{Eastern Scalefish}} and {{Shark Fishery}} 2009},
  author        = {Australian Fisheries Management Authority (AFMA)},
  year          = {2014}
}

@Article{         beddington2005,
  title         = {The Estimation of Potential Yield and Stock Status Using
                  Life-History Parameters},
  volume        = {360},
  language      = {en},
  number        = {1453},
  journal       = {Philosophical Transactions of the Royal Society B: Biological
                  Sciences},
  doi           = {10.1098/rstb.2004.1582},
  author        = {Beddington, J. R. and Kirkwood, G. P.},
  year          = {2005},
  pages         = {163-170}
}

@Article{         bentley2009,
  title         = {Contrasting Paradigms for Fisheries Management Decision
                  Making: How Well Do They Serve Data-Poor Fisheries?},
  doi           = {10.1577/C08-044.1},
  journal       = {Marine and Coastal Fisheries: Dynamics, Management, and
                  Ecosystem Science},
  author        = {Bentley, Nokome and Stokes, Kevin},
  year          = {2009},
  pages         = {391-401}
}

@Article{         bentley2015,
  title         = {Data and Time Poverty in Fisheries Estimation: Potential
                  Approaches and Solutions},
  volume        = {72},
  doi           = {10.1093/icesjms/fsu023},
  language      = {en},
  number        = {1},
  journal       = {ICES J. Mar. Sci.},
  author        = {Bentley, N.},
  year          = {2015},
  pages         = {186-193}
}

@TechReport{      berger_2019,
  title         = {Status of the {Pacific Hake (Whiting)} stock in {U.S.} and
                  {Canadian} waters in 2019. {P}repared by the {Joint Technical
                  Committee} of the {U.S}. and {Canada} {Pacific Hake/Whiting
                  Agreement}},
  pages         = {249},
  institution   = {National Marine Fisheries Service and {Fisheries and Oceans
                  Canada}},
  author        = {Berger, A.M and Edwards, A.M. and Grandin, C.J. and Johnson,
                  K.F.},
  date          = {2019}
}

@TechReport{      berkson2011,
  title         = {Calculating Acceptable Biological Catch for Stocks That Have
                  Reliable Catch Data Only ({{Only Reliable Catch Stocks}}
                  \textendash{} {{ORCS}})},
  author        = {Berkson, J},
  year          = {2011}
}

@Article{         berkson2015,
  title         = {The Determination of Data-Poor Catch Limits in the {{United
                  States}}: Is There a Better Way?},
  volume        = {72},
  doi           = {10.1093/icesjms/fsu085},
  number        = {1},
  journal       = {ICES J. Mar. Sci.},
  author        = {Berkson, Jim and Thorson, James T.},
  year          = {2015},
  pages         = {237-242}
}

@Book{            beverton1957,
  title         = {On the dynamics of exploited fish populations. {Fisheries
                  Investigations}, 19, 1-533.},
  series        = {Fishery Investigations Series 2, Volume 19},
  author        = {Beverton, R.J.H., and Holt, S.J.},
  date          = {1957}
}

@Article{         botsford1981,
  title         = {Optimal fishery policy for size-specific, density-dependent
                  population models},
  volume        = {12},
  pages         = {265--293},
  number        = {3},
  journaltitle  = {J. Math. Biol.},
  author        = {Botsford, Louis W.},
  date          = {1981}
}

@Article{         brandon2017,
  title         = {Toward a Tier System Approach for Calculating Limits on
                  Human-Caused Mortality of Marine Mammals},
  volume        = {74},
  doi           = {10.1093/icesjms/fsw202},
  number        = {3},
  journal       = {ICES J. Mar. Sci.},
  author        = {Brandon, John R. and Punt, Andr\'e E. and Moreno, Paula and
                  Reeves, Randall R.},
  year          = {2017},
  pages         = {877-887}
}

@Article{         bunnefeld2011,
  title         = {Management Strategy Evaluation: A Powerful Tool for
                  Conservation?},
  volume        = {26},
  doi           = {10.1016/j.tree.2011.05.003},
  number        = {9},
  journal       = {Trends in Ecology \& Evolution},
  author        = {Bunnefeld, Nils and Hoshino, Eriko and {Milner-Gulland},
                  Eleanor J.},
  year          = {2011},
  pages         = {441-447}
}

@Article{         butterworth1996,
  title         = {On Plausible Hypotheses and Their Weighting, with
                  Implications for Selection between Variants of the {{Revised
                  Management Procedure}}},
  volume        = {46},
  journal       = {Rep.-Int. Whal. Comm.},
  author        = {Butterworth, DS and Punt, AE and Smith, ADM},
  year          = {1996},
  pages         = {637-642}
}

@Article{         butterworth1999,
  title         = {Experiences in the Evaluation and Implementation of
                  Management Procedures},
  volume        = {56},
  doi           = {10.1006/jmsc.1999.0532},
  number        = {6},
  journal       = {ICES J. Mar. Sci.},
  author        = {Butterworth, D. S. and Punt, A. E.},
  year          = {1999},
  pages         = {985-998}
}

@Article{         butterworth2007,
  title         = {Why a Management Procedure Approach? {{Some}} Positives and
                  Negatives},
  volume        = {64},
  doi           = {10.1093/icesjms/fsm003},
  number        = {4},
  journal       = {ICES J. Mar. Sci.},
  author        = {Butterworth, Doug S.},
  year          = {2007},
  pages         = {613-617}
}

@InProceedings{   butterworth2008,
  title         = {Some lessons from implementing management procedures.
                  {Edited} by {K}. {Tsukamoto}, {T}. {Kawamura}, {T}.
                  {Takeuchi}, {T}.{D}. {Beard}, {Jr}., and {M}.{J}. {Kaiser}.},
  booktitle     = {Fisheries for {Global} {Welfare} and {Environment}, 5th
                  {World} {Fisheries} {Congress} 2008},
  publisher     = {TERRAPUB, Toyko.},
  author        = {Butterworth, D. S.},
  year          = {2008},
  pages         = {381--397}
}

@Article{         butterworth2010,
  title         = {Pretesting the Likely Efficacy of Suggested Management
                  Approaches to Data-Poor Fisheries},
  doi           = {10.1577/C08-038.1},
  journal       = {Marine and Coastal Fisheries: Dynamics, Management, and
                  Ecosystem Science},
  author        = {Butterworth, Doug S. and Johnston, Susan J. and Brand\~ao,
                  Anabela},
  year          = {2010},
  pages         = {131-145}
}

@Article{         butterworth2010a,
  title         = {Purported Flaws in Management Strategy Evaluation: Basic
                  Problems or Misinterpretations?},
  volume        = {67},
  doi           = {10.1093/icesjms/fsq009},
  number        = {3},
  journal       = {ICES J. Mar. Sci.},
  author        = {Butterworth, Douglas S. and Bentley, Nokome and Oliveira, De
                  and A, Jos\'e A. and Donovan, Gregory P. and Kell, Laurence T.
                  and Parma, Ana M. and Punt, Andr\'e E. and Sainsbury, Keith J.
                  and Smith, Anthony D. M. and Stokes, T. Kevin},
  year          = {2010},
  pages         = {567-574}
}

@Article{         caddy1983,
  title         = {Historical Patterns of Fish Stocks},
  author        = {Caddy, J.F. and Gulland, J.A.},
  year          = {1983},
  volume        = {7},
  pages         = {267--278},
  doi           = {10.1016/0308-597X(83)90040-4},
  journal       = {Mar. Policy},
  number        = {4}
}

@Article{         carruthers2012,
  title         = {Evaluating methods that classify fisheries stock status using
                  only fisheries catch data},
  volume        = {119--120},
  journal       = {Fish. Res.},
  author        = {Carruthers, T. R. and Walters, C. J. and McAllister, M. K.},
  year          = {2012},
  pages         = {66-79}
}

@Article{         carruthers2014,
  title         = {Evaluating Methods for Setting Catch Limits in Data-Limited
                  Fisheries},
  volume        = {153},
  doi           = {10.1016/j.fishres.2013.12.014},
  journal       = {Fish. Res.},
  author        = {Carruthers, Thomas R. and Punt, Andr\'e E. and Walters, Carl
                  J. and MacCall, Alec and McAllister, Murdoch K. and Dick,
                  Edward J. and Cope, Jason},
  year          = {2014},
  pages         = {48-68}
}

@Article{         carruthers2016,
  title         = {Performance Review of Simple Management Procedures},
  volume        = {73},
  doi           = {10.1093/icesjms/fsv212},
  language      = {en},
  number        = {2},
  journal       = {ICES J. Mar. Sci. J. Cons.},
  author        = {Carruthers, Thomas R. and Kell, Laurence T. and Butterworth,
                  Doug D. S. and Maunder, Mark N. and Geromont, Helena F. and
                  Walters, Carl and McAllister, Murdoch K. and Hillary, Richard
                  and Levontin, Polina and Kitakado, Toshihide and Davies,
                  Campbell R.},
  year          = {2016},
  pages         = {464-482}
}

@Article{         carruthers2016a,
  title         = {Using Simulation to Determine Standard Requirements for
                  Recovery Rates of Fish Stocks},
  volume        = {73},
  doi           = {10.1016/j.marpol.2016.07.026},
  journal       = {Marine Policy},
  author        = {Carruthers, Thomas R. and Agnew, David J.},
  year          = {2016},
  pages         = {146-153}
}

@Book{            carruthers2017,
  title         = {{{DLMtool}}: {{Data}}-{{Limited Methods Toolkit}}},
  author        = {Carruthers, Tom and Hordyk, Adrian},
  year          = {2017}
}

@Article{         carruthers2018,
  title         = {The Data-Limited Methods Toolkit ({DLMtool}): An {R} package
                  for informing management of data-limited populations},
  volume        = {9},
  journal       = {Methods Ecol. Evol.},
  doi           = {10.1111/2041-210X.13081},
  author        = {Carruthers, T.R. and Hordyk, A.},
  year          = {2018},
  pages         = {2388-2395}
}

@Article{         carruthers_hordyk_2018,
  title         = {Using management strategy evaluation to establish indicators
                  of changing fisheries},
  doi           = {10.1139/cjfas-2018-0223},
  pages         = {1--16},
  journaltitle  = {Can. J. Fish. Aquat. Sci.},
  author        = {Carruthers, T.R. and Hordyk, A.R.},
  date          = {2018}
}

@TechReport{      carruthers_user_2019,
  title         = {Data-Limited Methods Toolkit ({DLMtool} 5.4.0). {U}ser
                  Guide},
  url           = {https://dlmtool.github.io/DLMtool/userguide/userguide.pdf},
  author        = {Carruthers, Tom and Hordyk, Adrian},
  urldate       = {2019-01-15},
  date          = {2019-09-01}
}

@Article{         cochrane1999,
  title         = {Complexity in Fisheries and Limitations in the Increasing
                  Complexity of Fisheries Management},
  volume        = {56},
  doi           = {10.1006/jmsc.1999.0539},
  number        = {6},
  journal       = {ICES J. Mar. Sci.},
  author        = {Cochrane, K. L.},
  year          = {1999},
  pages         = {917-926}
}

@Article{         conrath2017,
  title         = {Maturity, Spawning Omission, and Reproductive Complexity of
                  Deepwater Rockfish},
  volume        = {146},
  doi           = {10.1080/00028487.2017.1285352},
  language      = {en},
  number        = {3},
  journal       = {Trans. Am. Fish. Soc.},
  author        = {Conrath, Christina Lyn},
  year          = {2017},
  pages         = {495-507}
}

@Article{         conroy2006,
  title         = {Integrating {{Management}}, {{Research}}, and {{Monitoring}}:
                  {{Balancing}} the 3-{{Legged Stool}}},
  language      = {en},
  author        = {Conroy, Michael J and Peterson, James T},
  year          = {2006},
  pages         = {9}
}

@Article{         cooke1999,
  title         = {Improvement of Fishery-Management Advice through Simulation
                  Testing of Harvest Algorithms},
  volume        = {56},
  number        = {6},
  journal       = {ICES J. Mar. Sci.},
  author        = {Cooke, J. G.},
  year          = {1999},
  pages         = {797--810}
}

@Article{         cope2013,
  title         = {Implementing a Statistical Catch-at-Age Model ({{Stock
                  Synthesis}}) as a Tool for Deriving Overfishing Limits in
                  Data-Limited Situations},
  volume        = {142},
  doi           = {10.1016/j.fishres.2012.03.006},
  journal       = {Fish. Res.},
  author        = {Cope, Jason M.},
  year          = {2013},
  pages         = {3-14}
}

@Article{         cope2013data,
  title         = {Data-Moderate Stock Assessments for Brown, {{China}}, Copper,
                  Sharpchin, Stripetail, and Yellowtail Rockfishes and
                  {{English}} and Rex Soles in 2013},
  journal       = {Natl. Ocean. Atmospheric Adm. Natl. Mar. Fish. Serv.},
  author        = {Cope, Jason and Dick, EJ and MacCall, Alec and Monk, Melissa
                  and Soper, Braden and Wetzel, Chantel},
  year          = {2013}
}

@Article{         cope2015,
  title         = {Data-moderate stock assessments for brown, {China}, copper,
                  sharpchin, stripetail, and yellowtail rockfishes and {English}
                  and rex soles in 2013},
  publisher     = {{Pacific Fishery Management Council, 7700 NE Ambassador Pl,
                  Suite 101, Portland, OR 97220}},
  author        = {Cope, J. and Dick, E. J. and MacCall, A. and Monk, M. and
                  Soper, B. and Wetzel, C.},
  year          = {2015}
}

@Article{         costello2012,
  title         = {Status and {{Solutions}} for the {{World}}'s {{Unassessed
                  Fisheries}}},
  volume        = {338},
  copyright     = {Copyright \textcopyright{} 2012, American Association for the
                  Advancement of Science},
  doi           = {10.1126/science.1223389},
  language      = {en},
  number        = {6106},
  journal       = {Science},
  author        = {Costello, Christopher and Ovando, Daniel and Hilborn, Ray and
                  Gaines, Steven D. and Deschenes, Olivier and Lester, Sarah
                  E.},
  year          = {2012},
  pages         = {517-520}
}

@Article{         cox2008a,
  series        = {Advances in the {{Analysis}} and {{Application of Harvest
                  Policies}} in the {{Management}} of {{Fisheries}}},
  title         = {Practical Stakeholder-Driven Harvest Policies for Groundfish
                  Fisheries in {{British Columbia}}, {{Canada}}},
  volume        = {94},
  doi           = {10.1016/j.fishres.2008.05.006},
  number        = {3},
  journal       = {Fish. Res.},
  author        = {Cox, Sean P. and Kronlund, Allen Robert},
  year          = {2008},
  pages         = {224-237}
}

@Article{         cox2013,
  title         = {The Roles of Biological Reference Points and Operational
                  Control Points in Management Procedures for the {Sablefish}
                  ({\emph{Anoplopoma Fimbria}}) Fishery in {British Columbia},
                  {Canada}},
  volume        = {40},
  language      = {en},
  number        = {04},
  journal       = {Environ. Conserv.},
  doi           = {10.1017/S0376892913000271},
  author        = {Cox, Sean P. and Kronlund, Allen R. and Benson, Ashleen J.},
  year          = {2013},
  pages         = {318-328}
}

@TechReport{      cox2016,
  title         = {Roadmap to More Sustainable {{Pacific}} Herring Fisheries in
                  {{Canada}}: A Step-by-Step Guide to the Management Strategy
                  Evaluation Approach},
  author        = {Cox, Sean P. and Benson, A. J.},
  year          = {2016}
}

@Article{         cox2019,
  title         = {Candidate Limit Reference Points as a Basis for Choosing
                  Among Alternative Harvest Control Rules for {Pacific Herring}
                  {(\emph{Clupea pallasii})} in {British Columbia}},
  journal       = {DFO Can. Sci. Advis. Sec. Res. Doc.},
  volume        = {2019/050},
  url           = {http://www.dfo-mpo.gc.ca/csas-sccs/Publications/ResDocs-DocRech/2019/2019_050-eng.pdf},
  author        = {Cox, Sean P. and Benson, Ashleen J. and Cleary, Jaclyn S. and
                  Taylor, Nathan G.},
  year          = {2019}
}

@Article{         cox2020,
  title         = {Evaluation of potential rebuilding strategies for {Outside
                  Yelloweye Rockfish} in {British Columbia}},
  journal       = {DFO Can. Sci. Advis. Sec. Res. Doc.},
  volume        = {2020/nnn},
  author        = {Cox, Sean P. and Doherty, Beau and Benson, Ashleen J. and
                  Johnson, Samuel {DN} and Haggarty, Dana},
  year          = {2020}
}

@Article{         crone2019,
  title         = {Good practices for including environmental data to inform
                  spawner-recruit dynamics in integrated stock assessments:
                  {Small} pelagic species case study},
  volume        = {217},
  doi           = {10.1016/j.fishres.2018.12.026},
  urldate       = {2019-08-13},
  journal       = {Fish. Res.},
  author        = {Crone, Paul R. and Maunder, Mark N. and Lee, HuiHua and
                  Piner, Kevin R.},
  year          = {2019},
  pages         = {122--132}
}

@Manual{          csasdown,
  title         = {{csasdown}: Reproducible {CSAS} Reports with bookdown. R
                  package version 0.0.8.
                  {\url{https://github.com/pbs-assess/csasdown}}},
  author        = {Sean C. Anderson and Chris Grandin and Andrew M. Edwards and
                  Matthew H. Grinnell and Daniel Ricard and Rowan Haigh},
  note          = {R package version 0.0.8},
  year          = {2020}
}

@TechReport{      cummings2016,
  title         = {An Alternative Approach to Setting Annual Catch Limits for
                  Data-Limited Fisheries: {{Use}} of the {{DLMtool}} and Mean
                  Length Estimator for Six {{US Caribbean}} Stocks},
  author        = {Cummings, Nanice and Sagarese, Skyler and Huynh, Quang C},
  year          = {2016}
}

@Article{         delamare1998,
  title         = {Tidier Fisheries Management Requires a New {{MOP}}
                  (Management-Oriented Paradigm)},
  volume        = {8},
  doi           = {10.1023/A:1008819416162},
  number        = {3},
  journal       = {Reviews in Fish Biology and Fisheries},
  author        = {{de La Mare}, William K.},
  year          = {1998},
  pages         = {349-356}
}

@InCollection{    deoliveira2008,
  title         = {Managing without Best {{Predictions}}: {{The Management
                  Strategy Evaluation Framework}}},
  copyright     = {Copyright \textcopyright{} 2008 Crown},
  isbn          = {978-1-4443-0265-3},
  language      = {en},
  booktitle     = {Advances in {{Fisheries Science}}},
  publisher     = {{Blackwell Publishing Ltd.}},
  author        = {De Oliveira, Jos\'e A. A. and Kell, Laurence T. and Punt,
                  Andr\'e E. and Roel, Beatriz A. and Butterworth, Doug S.},
  editor        = {Payne, Andy and Cotter, John and Potter, Ted},
  year          = {2008},
  pages         = {104-134},
  doi           = {10.1002/9781444302653.ch6}
}

@Article{         dfo2006,
  title         = {A harvest strategy compliant with the {Precautionary
                  Approach}},
  journal       = {DFO Can. Sci. Advis. Sec. Sci. Advis. Rep.},
  volume        = {2006/023},
  url           = {http://www.dfo-mpo.gc.ca/csas/Csas/status/2006/SAR-AS2006_023_E.pdf},
  author        = {{DFO}},
  year          = {2006}
}

@Article{         dfo2009,
  title         = {A Fishery Decision-Making Framework Incorporating the
                  {Precautionary Approach}
                  {\url{https://www.dfo-mpo.gc.ca/reports-rapports/regs/sff-cpd/precaution-back-fiche-eng.htm}}},
  author        = {{DFO}},
  year          = {2009}
}

@TechReport{      dfo2012,
  title         = {Priority {{Setting Protocol}} for {{Fishery Assessment}} and
                  {{Management}}: {{Primary}} and {{Secondary Stocks}} in the
                  {{Maritimes Region}} (2012)},
  author        = {DFO},
  year          = {2012}
}

@TechReport{      dfo2013,
  title         = {Information to Be Used for the Management and Operation of
                  the {{Population Ecology Division}}},
  author        = {DFO},
  year          = {2013}
}

@Misc{            dfo2016,
  title         = {Integrated {{Fisheries Management Plan Summary}} ---
                  {{Groundfish Pacific Region}} 2016--2017},
  author        = {DFO},
  year          = {2016}
}

@TechReport{      dfo2016a,
  type          = {{{DFO Can}}. {{Sci}}. {{Advis}}. {{Sec}}. {{Sci}}. {{Advis}}.
                  {{Rep}}.},
  title         = {Guidelines for Providing Interim-Year Updates and Science
                  Advice for Multi-Year Assessments},
  number        = {2016/020},
  author        = {DFO},
  year          = {2016}
}

@TechReport{      dfo2016tiered,
  type          = {Canadian {{Science Advisory Secretariat}} ({{CSAS}})
                  {{Proceedings Series}}},
  title         = {Proceedings of the {{Pacific}} Regional Peer Review on {{A
                  Review}} of {{International Best Practices}} to {{Assigning
                  Species}} to {{Tiers}} for the {{Purposes}} of {{Stock
                  Assessment Based}} on {{Data Availability}} and {{Richness}}},
  number        = {2016/051},
  author        = {DFO},
  year          = {2016}
}

@TechReport{      dfo2017,
  title         = {{Pacific Region Integrated Fishery Management Plan}.
                  {Groundfish}. {Effective February} 21, 2017
                  {\url{https://www.pac.dfo-mpo.gc.ca/fm-gp/mplans/ground-fond-ifmp-pgip-sm-eng.html}}},
  author        = {DFO},
  year          = {2017}
}

@Misc{            dfo_dlmtool_2017,
  title         = {{DLMtool} Phase {II}: Developing a Management Strategy
                  Evaluation Package for Advancing the Science and Management of
                  Data-limited and at-risk {{Canadian}} Fish Stocks.
                  {PAC}2016.12
                  {\url{https://www.dfo-mpo.gc.ca/science/collaboration/partnershipprojects/
                  005-eng.html}}},
  author        = {{DFO}},
  date          = {2017}
}

@Article{         dichmont2016,
  title         = {Is Risk Consistent across Tier-Based Harvest Control Rule
                  Management Systems? {{A}} Comparison of Four Case-Studies},
  volume        = {17},
  doi           = {10.1111/faf.12142},
  language      = {en},
  number        = {3},
  journal       = {Fish Fish.},
  author        = {Dichmont, Catherine M and Punt, Andr\'e E and Dowling,
                  Natalie and De Oliveira, Jos\'e A A and Little, Lorne R and
                  Sporcic, Miriana and Fulton, Elizabeth and Gorton, Rebecca and
                  Klaer, Neil and Haddon, Malcolm and Smith, David C},
  year          = {2016},
  pages         = {731-747}
}

@Article{         dichmont2017,
  title         = {From Data Rich to Data-Limited Harvest
                  Strategies\textemdash{}Does More Data Mean Better Management?},
  volume        = {74},
  doi           = {10.1093/icesjms/fsw199},
  number        = {3},
  journal       = {ICES J. Mar. Sci.},
  author        = {Dichmont, Catherine M. and Fulton, Elizabeth A. and Gorton,
                  Rebecca and Sporcic, Miriana and Little, L. Richard and Punt,
                  Andr\'e E. and Dowling, Natalie and Haddon, Malcolm and Klaer,
                  Neil and Smith, David C.},
  year          = {2017},
  pages         = {670-686}
}

@Article{         dick2010,
  title         = {Estimates of sustainable yield for 50 data-poor stocks in the
                  {Pacific Coast} groundfish fishery management plan},
  number        = {NOAA-TM-NMFS-SWFSC-460},
  author        = {Dick, E. J. and MacCall, Alec D.},
  year          = {2010},
  pages         = {208}
}

@Article{         dick2011,
  title         = {Depletion-{{Based Stock Reduction Analysis}}: {{A}}
                  Catch-Based Method for Determining Sustainable Yields for
                  Data-Poor Fish Stocks},
  volume        = {110},
  doi           = {10.1016/j.fishres.2011.05.007},
  number        = {2},
  journal       = {Fish. Res.},
  author        = {Dick, E. J. and MacCall, Alec D.},
  year          = {2011},
  pages         = {331-341}
}

@Article{         dicosimo2010,
  title         = {Use of Annual Catch Limits to Avoid Stock Depletion in the
                  {{Bering Sea}} and {{Aleutian Islands}} Management Area
                  ({{Northeast Pacific}})},
  volume        = {67},
  doi           = {10.1093/icesjms/fsq060},
  number        = {9},
  journal       = {ICES J. Mar. Sci.},
  author        = {DiCosimo, Jane and Methot, Richard D. and Ormseth, Olav A.},
  year          = {2010},
  pages         = {1861-1865}
}

@Article{         diehl2010,
  title         = {Uncovering Strengths and Weaknesses of Radial Visualizations
                  --- an Empirical Approach},
  author        = {Diehl, Stephan and Beck, Fabian and Burch, Michael},
  year          = {2010},
  volume        = {16},
  pages         = {935--942},
  doi           = {10.1109/TVCG.2010.209},
  journal       = {IEEE Trans. Vis. Comput. Graph.},
  note          = {Conference Name: IEEE Transactions on Visualization and
                  Computer Graphics},
  number        = {6}
}

@Article{         dowling2008,
  series        = {Advances in the {{Analysis}} and {{Applicationof Harvest
                  Policies}} in the {{Management}} of {{Fisheries}}},
  title         = {Developing Harvest Strategies for Low-Value and Data-Poor
                  Fisheries: {{Case}} Studies from Three {{Australian}}
                  Fisheries},
  volume        = {94},
  doi           = {10.1016/j.fishres.2008.09.033},
  number        = {3},
  journal       = {Fish. Res.},
  author        = {Dowling, Natalie A. and Smith, David C. and Knuckey, Ian and
                  Smith, Anthony D. M. and Domaschenz, Phil and Patterson,
                  Heather M. and Whitelaw, Wade},
  year          = {2008},
  pages         = {380-390}
}

@Article{         dowling2013,
  title         = {From Low- to High-Value Fisheries: {{Is}} It Possible to
                  Quantify the Trade-off between Management Cost, Risk and
                  Catch?},
  volume        = {40},
  doi           = {10.1016/j.marpol.2012.12.009},
  journal       = {Marine Policy},
  author        = {Dowling, N. A. and Dichmont, C. M. and Venables, W. and
                  Smith, A. D. M. and Smith, D. C. and Power, D. and Galeano,
                  D.},
  year          = {2013},
  pages         = {41-52}
}

@Article{         dowling2013a,
  title         = {From Low- to High-Value Fisheries: {{Is}} It Possible to
                  Quantify the Trade-off between Management Cost, Risk and
                  Catch?},
  volume        = {40},
  doi           = {10.1016/j.marpol.2012.12.009},
  journal       = {Marine Policy},
  author        = {Dowling, N. A. and Dichmont, C. M. and Venables, W. and
                  Smith, A. D. M. and Smith, D. C. and Power, D. and Galeano,
                  D.},
  year          = {2013},
  pages         = {41-52}
}

@Article{         dowling2015,
  series        = {Development, Testing, and Evaluation of Data-Poor Assessment
                  and Fisheries Management Methods},
  title         = {Empirical Harvest Strategies for Data-Poor Fisheries: {{A}}
                  Review of the Literature},
  volume        = {171},
  doi           = {10.1016/j.fishres.2014.11.005},
  journal       = {Fish. Res.},
  author        = {Dowling, N. A. and Dichmont, C. M. and Haddon, M. and Smith,
                  D. C. and Smith, A. D. M. and Sainsbury, K.},
  year          = {2015},
  pages         = {141-153}
}

@Article{         dowling2015a,
  title         = {Guidelines for Developing Formal Harvest Strategies for
                  Data-Poor Species and Fisheries},
  volume        = {171},
  doi           = {10.1016/j.fishres.2014.09.013},
  language      = {en},
  journal       = {Fish. Res.},
  author        = {Dowling, N.A. and Dichmont, C.M. and Haddon, M. and Smith,
                  D.C. and Smith, A.D.M. and Sainsbury, K.},
  year          = {2015},
  pages         = {130-140}
}

@Article{         dowling2016,
  title         = {Assessing a Multilevel Tier System: {{The}} Role and
                  Implications of Data Quality and Availability},
  volume        = {183},
  doi           = {10.1016/j.fishres.2016.05.001},
  journal       = {Fish. Res.},
  author        = {Dowling, Natalie A. and Punt, Andr\'e E. and Little, L.
                  Richard and Dichmont, Catherine M. and Smith, David C. and
                  Haddon, Malcolm and Sporcic, Miriana and Fulton, Elizabeth A.
                  and Gorton, Rebecca J.},
  year          = {2016},
  pages         = {588-593}
}

@Article{         dowling2018,
  title         = {Generic Solutions for Data-Limited Fishery Assessments Are
                  Not so Simple},
  doi           = {10.1111/faf.12329},
  language      = {en},
  journal       = {Fish Fish.},
  author        = {Dowling, Natalie A. and Smith, Anthony D. M. and Smith, David
                  C. and Parma, Ana M. and Dichmont, Catherine M. and Sainsbury,
                  Keith and Wilson, Jono R. and Dougherty, Dawn T. and Cope,
                  Jason M.},
  year          = {2018}
}

@InCollection{    echave2015,
  title         = {Assessment of the Shortraker Rockfish Stock in the {{Gulf}}
                  of {{Alaska}}},
  booktitle     = {Stock Assessment and Fishery Evaluation Report for the
                  Groundfish Resources of the {{Gulf}} of {{Alaska}}},
  publisher     = {{North Pacific Fishery Management Council, 605 W 4 th Ave,
                  Suite 306, Anchorage AK 99501}},
  author        = {Echave, K B and Shotwell, S K and Hulson, P-J F},
  year          = {2015},
  pages         = {975-1012}
}

@InCollection{    echave2017,
  title         = {Assessment of the Shortraker Rockfish Stock in the {{Gulf}}
                  of {{Alaska}}},
  booktitle     = {Stock Assessment and Fishery Evaluation Report for the
                  Groundfish Resources of the {{Gulf}} of {{Alaska}}},
  publisher     = {{North Pacific Fishery Management Council, 605 W 4 th Ave,
                  Suite 306, Anchorage AK 99501}},
  author        = {Echave, K B and Hulson, P-J F},
  year          = {2017},
  pages         = {1001-1048}
}

@TechReport{      edwards2015,
  type          = {New {{Zealand Fisheries Assessment Report}}},
  title         = {Review of Data-Poor Assessment Methods for {{New Zealand}}
                  Fisheries},
  number        = {2015/27},
  author        = {Edwards, C T T},
  year          = {2015}
}

@Article{         fargo2012,
  title         = {Biomass Estimates and Biological Reference Points for
                  Flatfish Species Resident to the Coast of {British Columbia,
                  Canada}},
  volume        = {2995},
  journal       = {DFO Can. Tech. Rep. Fish. Aquat. Sci.},
  author        = {Fargo, J. J.},
  year          = {2012},
  pages         = {88~p}
}

@Article{         feldman2013,
  title         = {Filled Radar Charts Should Not Be Used to Compare Social
                  Indicators},
  author        = {Feldman, Roger},
  year          = {2013},
  volume        = {111},
  pages         = {709--712},
  doi           = {10.1007/s11205-012-0028-6},
  journal       = {Soc. Indic. Res.},
  number        = {3}
}

@TechReport{      fisheriesandoceanscanada2009,
  title         = {Sustainable {{Fisheries Framework}}},
  author        = {{Fisheries {and} Oceans Canada}},
  year          = {2009}
}

@TechReport{      fisheriesleadershipsustainabilityforum2012,
  title         = {Risk {{Policy}} and Managing for Uncertainty across the
                  Regional Fishery Management Councils},
  institution   = {{Fisheries Leadership \& Sustainability Forum}},
  author        = {Fisheries Leadership \& Sustainability Forum},
  year          = {2012}
}

@Article{         fletcher1978,
  title         = {On the restructuring of the {Pella-Tomlinson} system},
  volume        = {76},
  pages         = {515--521},
  journal       = {Fish. Bull.},
  author        = {Fletcher, R Ian},
  date          = {1978}
}

@Article{         forrest2010,
  title         = {Hierarchical {{Bayesian}} Estimation of Recruitment
                  Parameters and Reference Points for {{Pacific}} Rockfishes
                  ({{Sebastes}} Spp.) under Alternative Assumptions about the
                  Stock\textendash{}Recruit Function},
  volume        = {67},
  doi           = {10.1139/F10-077},
  language      = {en},
  number        = {10},
  journal       = {Can. J. Fish. Aquat. Sci.},
  author        = {Forrest, Robyn E. and McAllister, Murdoch K. and Dorn, Martin
                  W. and Martell, Steven J.D. and Stanley, Richard D.},
  editor        = {Quinn, Terrance},
  year          = {2010},
  pages         = {1611-1634}
}

@Article{         forrest2018,
  title         = {Performance of Alternative Harvest Control Rules for Two
                  {{Pacific}} Groundfish Stocks with Uncertain Natural
                  Mortality: {{Bias}}, Robustness and Trade-Offs},
  volume        = {206},
  doi           = {10.1016/j.fishres.2018.04.007},
  language      = {en},
  journal       = {Fish. Res.},
  author        = {Forrest, Robyn E. and Holt, Kendra R. and Kronlund, A.
                  Robert},
  year          = {2018},
  pages         = {259-286}
}

@Article{         forrest2019,
  title         = {Assessment of {Pacific Cod} ({\emph{Gadus macrocephalus}})
                  for {Hecate Strait and Queen Charlotte Sound} ({Area 5ABCD}),
                  and {West Coast Vancouver Island (Area 3CD)} in 2018},
  author        = {Forrest, Robyn E. and Anderson, Sean C. and Grandin, Chris J.
                  and Starr, Paul J.},
  year          = {2019},
  journal       = {DFO Can. Sci. Advis. Sec. Res. Doc.},
  volume        = {2019/nnn}
}

@Article{         fox1970,
  title         = {An Exponential Surplus-Yield Model for Optimizing Exploited
                  Fish Populations},
  volume        = {99},
  doi           = {10.1577/1548-8659(1970)99<80:AESMFO>2.0.CO;2},
  pages         = {80--88},
  number        = {1},
  journaltitle  = {Transactions of the American Fisheries Society},
  author        = {Fox, William W},
  date          = {1970}
}

@Article{         francis1992,
  title         = {Use of {{Risk Analysis}} to {{Assess Fishery Management
                  Strategies}}: {{A Case Study}} Using {{Orange Roughy}}
                  ({{Hoplostethus}} Atlanticus) on the {{Chatham Rise}}, {{New
                  Zealand}}},
  volume        = {49},
  doi           = {10.1139/f92-102},
  number        = {5},
  journal       = {Can. J. Fish. Aquat. Sci.},
  author        = {Francis, R. I C. C.},
  year          = {1992},
  pages         = {922-930}
}

@Article{         francis1997,
  title         = {``{{Risk}}'' in Fisheries Management: A Review},
  volume        = {54},
  doi           = {10.1139/f97-100},
  number        = {8},
  journal       = {Can. J. Fish. Aquat. Sci.},
  author        = {Francis, RICC and Shotton, R},
  year          = {1997},
  pages         = {1699-1715}
}

@Article{         free2017,
  title         = {The Refined {{ORCS}} Approach: {{A}} Catch-Based Method for
                  Estimating Stock Status and Catch Limits for Data-Poor Fish
                  Stocks},
  volume        = {193},
  doi           = {10.1016/j.fishres.2017.03.017},
  journal       = {Fish. Res.},
  author        = {Free, Christopher M. and Jensen, Olaf P. and Wiedenmann, John
                  and Deroba, Jonathan J.},
  year          = {2017},
  pages         = {60-70}
}

@Article{         free2017a,
  title         = {The Refined {{ORCS}} Approach: {{A}} Catch-Based Method for
                  Estimating Stock Status and Catch Limits for Data-Poor Fish
                  Stocks},
  volume        = {193},
  doi           = {10.1016/j.fishres.2017.03.017},
  journal       = {Fish. Res.},
  author        = {Free, Christopher M. and Jensen, Olaf P. and Wiedenmann, John
                  and Deroba, Jonathan J.},
  year          = {2017},
  pages         = {60-70}
}

@Article{         froese2011,
  title         = {Generic Harvest Control Rules for {{European}} Fisheries},
  volume        = {12},
  doi           = {10.1111/j.1467-2979.2010.00387.x},
  language      = {en},
  number        = {3},
  journal       = {Fish Fish.},
  author        = {Froese, Rainer and Branch, Trevor A and Proel\ss, Alexander
                  and Quaas, Martin and Sainsbury, Keith and Zimmermann,
                  Christopher},
  year          = {2011},
  pages         = {340-351}
}

@Article{         fulton2016,
  title         = {Developing Risk Equivalent Data-Rich and Data-Limited Harvest
                  Strategies},
  volume        = {183},
  doi           = {10.1016/j.fishres.2016.07.004},
  journal       = {Fish. Res.},
  author        = {Fulton, Elizabeth A. and Punt, Andr\'e E. and Dichmont,
                  Catherine M. and Gorton, Rebecca and Sporcic, Miriana and
                  Dowling, Natalie and Little, L. Richard and Haddon, Malcolm
                  and Klaer, Neil and Smith, David C.},
  year          = {2016},
  pages         = {574-587}
}

@Article{         gallucci2011,
  title         = {Spiny {{Dogfish}} ({{Squalus}} Acanthias) {{Assessment}} and
                  {{Catch Recommendations}} for 2010},
  volume        = {34},
  journal       = {Dep. Fish. Oceans Can. Can. Sci. Advis. Secr. Res. Doc.},
  author        = {Gallucci, Vincent and Taylor, Ian and King, Jacquelynne and
                  McFarlane, Gordon and McPhie, Romney},
  year          = {2011}
}

@Article{         gallucci2011a,
  title         = {Spiny {{Dogfish}} ({{Squalus}} Acanthias) {{Assessment}} and
                  {{Catch Recommendations}} for 2010},
  volume        = {34},
  journal       = {Dep. Fish. Oceans Can. Can. Sci. Advis. Secr. Res. Doc.},
  author        = {Gallucci, Vincent and Taylor, Ian and King, Jacquelynne and
                  McFarlane, Gordon and McPhie, Romney},
  year          = {2011}
}

@Book{            gelman2014,
  title         = {Bayesian {Data Analysis}},
  author        = {Gelman, Andrew and Carlin, John B. and Stern, H. S. and
                  Dunson, D. B. and Vehtari, Aki and Rubin, D. B.},
  year          = {2014},
  edition       = {Third edition},
  publisher     = {{Chapman \& Hall}},
  address       = {{Boca Raton, FL}}
}

@Article{         geromont2015,
  title         = {Complex Assessments or Simple Management Procedures for
                  Efficient Fisheries Management: A Comparative Study},
  volume        = {72},
  doi           = {10.1093/icesjms/fsu017},
  language      = {en},
  number        = {1},
  journal       = {ICES J. Mar. Sci.},
  author        = {Geromont, H. F. and Butterworth, D. S.},
  year          = {2015},
  pages         = {262-274}
}

@Article{         geromont2015a,
  title         = {Generic Management Procedures for Data-Poor Fisheries:
                  Forecasting with Few Data},
  volume        = {72},
  doi           = {10.1093/icesjms/fst232},
  number        = {1},
  journal       = {ICES J. Mar. Sci.},
  author        = {Geromont, H. F. and Butterworth, D. S.},
  year          = {2015},
  pages         = {251-261}
}

@Manual{          gfdata,
  title         = {{gfdata}: Data Extraction for {DFO PBS} Groundfish Stocks. R
                  package version 0.0.0.9000.
                  {\url{https://github.com/pbs-assess/gfdata}}},
  author        = {Elise A. Keppel and Sean C. Anderson and Andrew M. Edwards
                  and Chris Grandin},
  note          = {R package version 0.0.0.9000},
  url           = {https://github.com/pbs-assess/gfdata}
}

@Manual{          gfdlm,
  title         = {{gfdlm}: Tools for Working With '{DLMtool}' and '{MSEtool}'.
                  R package version 0.0.1.9000.
                  {\url{https://github.com/pbs-assess/gfdlm}}},
  author        = {Sean C. Anderson and Chris Grandin and Robyn E. Forrest},
  note          = {R package version 0.0.1.9000},
  year          = {2020},
  url           = {https://github.com/pbs-assess/gfdlm}
}

@Manual{          gfplot,
  title         = {{gfplot}: Data Extraction and Plotting for {DFO} {PBS}
                  Groundfish Stocks. R package version 0.1.4.
                  {\url{https://github.com/pbs-assess/gfplot}}},
  author        = {Sean C. Anderson and Elise A. Keppel and Andrew M. Edwards
                  and Chris Grandin},
  note          = {R package version 0.1.4},
  url           = {https://github.com/pbs-assess/gfplot},
  year          = {2020}
}

@TechReport{      goodman2002,
  title         = {Scientific {{Review}} of the {{Harvest Strategy Currently
                  Used}} in the {{BSAI}} and {{GOA Groundfish Fishery Management
                  Plans}}},
  author        = {Goodman, Daniel and Mangel, Marc and Parkes, Graeme and
                  Quinn, Terry and Restrepo, Victor and Smith, Tony and Stokes,
                  Kevin},
  year          = {2002}
}

@TechReport{      grabackis.t.2008,
  title         = {Sustainable Management of {{Alaska}}'s Fisheries},
  author        = {Grabacki, S.T.},
  year          = {2008}
}

@Article{         graham2007,
  title         = {Fishing practice, gear design, and the ecosystem approach --
                  three case studies demonstrating the effect of management
                  strategy on gear selectivity and discards},
  volume        = {64},
  number        = {4},
  journal       = {ICES J. Mar. Sci.},
  author        = {Graham, N. and Ferro, R. and Karp, W. and MacMullen, P.},
  year          = {2007},
  pages         = {744-750}
}

@Article{         grandin2017arrowtooth,
  author        = {Grandin, C. J. and Forrest, R. E.},
  year          = {2017},
  title         = {{Arrowtooth Flounder} ({\emph{Atheresthes stomias}}) stock
                  assessment for the West Coast of {British Columbia}},
  journal       = {DFO Can. Sci. Advis. Sec. Res. Doc.},
  volume        = {2017/25},
  pages         = {v + 87~p}
}

@Book{            gregory2012,
  address       = {Oxford},
  title         = {Structured Decision Making: A Practical Guide to
                  Environmental Management Choices},
  isbn          = {978-1-4443-3342-8 978-1-4443-3341-1},
  language      = {eng},
  publisher     = {{Wiley-Blackwell}},
  editor        = {Gregory, Robin and Failing, Lee and Harstone, M. and Long, G.
                  and McDaniels, Timothy L.},
  year          = {2012},
  note          = {OCLC: 785512575}
}

@Article{         gulland1971,
  title         = {The Fish Resources of the Ocean West Poly Fleet, Survey
                  Fishing News (Books) Ltd},
  author        = {Gulland, JA},
  journal       = {FAO Tech Paper,(97)},
  pages         = {15--16},
  year          = {1971}
}

@TechReport{      haddon2012,
  title         = {Technical Reviews for the {{Commonwealth Harvest Strategy
                  Policy}}},
  number        = {FRDC 2012/225},
  institution   = {{CSIRO}},
  author        = {Haddon, M and Klaer, N and Smith, D and Dichmont, C and
                  Smith, T},
  year          = {2012}
}

@Article{         haggarty2020yelloweye,
  title         = {Evaluation of potential rebuilding strategies for {Inside
                  Yelloweye Rockfish} ({\emph{Sebastes ruberrimus}}) in {British
                  Columbia}},
  author        = {Haggarty, D.R. and Huynh, Q.C. and Anderson, S.C. and Bresch,
                  M. and Keppel, E.A and Forrest, R.E.},
  year          = {2020},
  journal       = {DFO Can. Sci. Advis. Sec. Res. Doc.},
  volume        = {2020/nnn},
  pages         = {In prep.}
}

@Article{         haigh2005,
  title         = {A review of rougheye rockfish {\emph{Sebastes aleutianus}}
                  along the {Pacific} coast of {Canada}: biology, distribution,
                  and abundance trends},
  volume        = {096},
  journal       = {Dep. Fish. Oceans Can. Can. Sci. Advis. Secr. Res. Doc.},
  author        = {Haigh, R. and Olsen, N. and Starr, P.},
  year          = {2005}
}

@Article{         haltuch2009,
  title         = {Evaluating the estimation of fishery management reference
                  points in a variable environment},
  volume        = {100},
  issn          = {01657836},
  url           = {https://linkinghub.elsevier.com/retrieve/pii/S0165783609000642},
  doi           = {10.1016/j.fishres.2009.03.001},
  pages         = {42--56},
  number        = {1},
  journaltitle  = {Fish. Res.},
  author        = {Haltuch, Melissa A. and Punt, André E. and Dorn, Martin W.},
  urldate       = {2019-08-15},
  date          = {2009-09},
  langid        = {english}
}

@Article{         haltuch2009,
  title         = {Evaluating the estimation of fishery management reference
                  points in a variable environment},
  volume        = {100},
  doi           = {10.1016/j.fishres.2009.03.001},
  language      = {en},
  number        = {1},
  journal       = {Fish. Res.},
  author        = {Haltuch, Melissa A. and Punt, André E. and Dorn, Martin W.},
  year          = {2009},
  pages         = {42--56}
}

@Article{         haltuch2011,
  title         = {The promises and pitfalls of including decadal-scale climate
                  forcing of recruitment in groundfish stock assessment},
  volume        = {68},
  issn          = {0706-652X, 1205-7533},
  url           = {http://www.nrcresearchpress.com/doi/10.1139/f2011-030},
  doi           = {10.1139/f2011-030},
  number        = {5},
  urldate       = {2018-12-05},
  journaltitle  = {Can. J. Fish. Aquat. Sci.},
  author        = {Haltuch, Melissa A. and Punt, André E.},
  editor        = {Walters, Carl},
  year          = {2011},
  pages         = {912--926}
}

@Article{         haltuch2019,
  title         = {Unraveling the recruitment problem: A review of
                  environmentally-informed forecasting and management strategy
                  evaluation},
  volume        = {217},
  issn          = {01657836},
  url           = {https://linkinghub.elsevier.com/retrieve/pii/S0165783618303606},
  doi           = {10.1016/j.fishres.2018.12.016},
  shorttitle    = {Unraveling the recruitment problem},
  pages         = {198--216},
  journaltitle  = {Fish. Res.},
  author        = {Haltuch, M.A. and Brooks, E.N and Brodziak, J. and Devine,
                  J.A. and Johnson, K.F. and Klibansky, N. and Nash, R.D.M. and
                  Payne, M.R. and Shertzer, K.W. and Subbey, S. and Wells,
                  B.K.},
  urldate       = {2019-08-13},
  date          = {2019-09},
  langid        = {english},
  file          = {Haltuch et al. - 2019 - Unraveling the recruitment problem A
                  review of
                  en.pdf:C\:\\Users\\forrestr\\Zotero\\storage\\UQBXAY36\\Haltuch
                  et al. - 2019 - Unraveling the recruitment problem A review of
                  en.pdf:application/pdf}
}

@Article{         haltuch2019,
  title         = {Unraveling the recruitment problem: {A} review of
                  environmentally-informed forecasting and management strategy
                  evaluation},
  volume        = {217},
  doi           = {10.1016/j.fishres.2018.12.016},
  urldate       = {2019-08-13},
  journal       = {Fish. Res.},
  author        = {Haltuch, M.A. and Brooks, E.N and Brodziak, J. and Devine,
                  J.A. and Johnson, K.F. and Klibansky, N. and Nash, R.D.M. and
                  Payne, M.R. and Shertzer, K.W. and Subbey, S. and Wells,
                  B.K.},
  year          = {2019},
  pages         = {198--216}
}

@Article{         harford2016,
  title         = {Management Strategy Evaluation of a Multi-Indicator Adaptive
                  Framework for Data-Limited Fisheries Management},
  volume        = {92},
  doi           = {10.5343/bms.2016.1025},
  number        = {4},
  journal       = {Bulletin of Marine Science},
  author        = {Harford, WJ and Gedamke, T and Babcock, EA and Carcamo, R and
                  McDonald, G and Wilson, JR},
  year          = {2016},
  pages         = {423-445}
}

@Article{         harford2017,
  title         = {Interim and Long-Term Performance of Static and Adaptive
                  Management Procedures},
  volume        = {190},
  doi           = {10.1016/j.fishres.2017.02.003},
  journal       = {Fish. Res.},
  author        = {Harford, William J. and Carruthers, Thomas R.},
  year          = {2017},
  pages         = {84-94}
}

@Book{            hart1988,
  address       = {Ottawa, Ont.},
  title         = {Pacific Fishes of {{Canada}}},
  isbn          = {978-0-660-10459-1},
  language      = {English},
  publisher     = {{Fisheries Research Board of Canada}},
  author        = {Hart, John Lawson and Clemens, W. A and {Fisheries Research
                  Board of Canada}},
  year          = {1988},
  note          = {OCLC: 884248426}
}

@Article{         harwood2003,
  title         = {Coping with Uncertainty in Ecological Advice: Lessons from
                  Fisheries},
  volume        = {18},
  doi           = {10.1016/j.tree.2003.08.001},
  number        = {12},
  journal       = {Trends in Ecology \& Evolution},
  author        = {Harwood, John and Stokes, Kevin},
  year          = {2003},
  pages         = {617-622}
}

@Book{            hilborn1992,
  address       = {London},
  title         = {Quantitative Fisheries Stock Assessment: Choice, Dynamics,
                  and Uncertainty},
  publisher     = {{Chapman and Hall}},
  author        = {Hilborn, R. W. and Walters, Carl},
  year          = {1992}
}

@Article{         hoenig1983,
  title         = {Empirical Use of Longevity Data to Estimate Mortality Rates},
  volume        = {82},
  number        = {1},
  journal       = {Fish. Bull.},
  author        = {Hoenig, John M},
  year          = {1983},
  pages         = {898-903}
}

@TechReport{      holland2010,
  address       = {Paris},
  type          = {{{OECD Food}}, {{Agriculture}} and {{Fisheries Papers}}},
  title         = {Management {{Strategy Evaluation}} and {{Management
                  Procedures}}},
  language      = {en},
  institution   = {{Organisation for Economic Co-operation and Development}},
  author        = {Holland, Daniel S.},
  year          = {2010}
}

@Article{         honey2010,
  title         = {From Rags to Fishes: Data-Poor Methods for Fishery Managers},
  volume        = {1},
  number        = {978},
  journal       = {Manag. Data-Poor Fish. Case Stud. Models Solut.},
  author        = {Honey, Kristen T and Moxley, Jerry H and Fujita, Rod M},
  year          = {2010},
  pages         = {159-184}
}

@TechReport{      hordyk2017,
  title         = {Applying {{Management Strategy Evaluation}} to {{California
                  Fisheries}}: {{Case Studies}} and {{Recommendations}}},
  author        = {Hordyk, A and Newman, D and Carruthers, T and Suatoni, L},
  year          = {2017}
}

@Article{         huynh2020,
  title         = {The interim management procedure approach for assessed
                  stocks: {Responsive} management advice and lower assessment
                  frequency},
  shorttitle    = {The interim management procedure approach for assessed
                  stocks},
  doi           = {10.1111/faf.12453},
  urldate       = {2020-03-05},
  journal       = {Fish and Fish.},
  author        = {Huynh, Quang C. and Hordyk, Adrian R. and Forrest, Robyn E.
                  and Porch, Clay E. and Anderson, Sean C. and Carruthers,
                  Thomas R.},
  year          = {2020},
  volume        = {In press}
}

@Manual{          huynh_msetool_2019,
  title         = {{MSEtool}: Management Strategy Evaluation Toolkit. R package
                  version 1.4.3},
  url           = {https://cran.r-project.org/package=MSEtool},
  author        = {Huynh, Quang C and Hordyk, Adrian R. and Carruthers, Tom},
  date          = {2019}
}

@TechReport{      ices2012,
  type          = {{{ICES CM}} 2012/{{ACOM}} 68},
  title         = {{ICES} Implementation of Advice for Data-limited Stocks in
                  2012 in its 2012 Advice},
  author        = {ICES},
  year          = {2012},
  note          = {ICES CM 2012/ACOM 68}
}

@TechReport{      ices2012a,
  title         = {Report of {{The Workshop}} to {{Finalize}} the {{ICES
                  Data}}-Limited {{Stock}} ({{DLS}}) {{Methodologies
                  Documentation}} in an {{Operational Form}} for the 2013
                  {{Advice Season}} and to Make {{Recommendations}} on {{Target
                  Categories}} for {{Data}}-Limited {{Stocks}} ({{WKLIFE II}})},
  number        = {ICES CM 2012/ACOM:79},
  author        = {ICES},
  year          = {2012}
}

@TechReport{      ices2012b,
  address       = {Lisbon, Portugal},
  title         = {Report of the {{Workshop}} on the {{Development}} of
                  {{Assessments}} Based on {{LIFE}} History Traits and
                  {{Exploitation Characteristics}} ({{WKLIFE}})},
  number        = {ICES CM 2012/ACOM:36},
  author        = {ICES},
  year          = {2012}
}

@TechReport{      ices2013,
  title         = {Report of the {{Working Group}} on {{Methods}} of {{Fish
                  Stock Assessments}} ({{WGMG}})},
  number        = {ICES CM 2013/SSGSUE:09},
  author        = {ICES},
  year          = {2013}
}

@TechReport{      ices2013a,
  title         = {Report of the {{Workshop}} on the {{Development}} of
                  {{Quantitative Assessment Methodologies}} Based on
                  {{LIFE}}-History Traits, Exploitation Characteristics, and
                  Other Key Parameters for {{Data}}-Limited {{Stocks}} ({{WKLIFE
                  III}})},
  number        = {ICES CM 2013/ACOM:35},
  author        = {ICES},
  year          = {2013},
  pages         = {98}
}

@TechReport{      ices2014,
  title         = {Report of the {{Workshop}} on the {{Development}} of
                  {{Quantitative Assessment Methodologies}} Based on
                  {{LIFE}}-History Traits, Exploitation Characteristics, and
                  Other Relevant Parameters for Data-Limited Stocks ({{WKLIFE
                  IV}})},
  number        = {ICES CM 2014/ACOM:54},
  author        = {ICES},
  year          = {2014}
}

@TechReport{      ices2015,
  title         = {Report of the {{Fifth Workshop}} on the {{Development}} of
                  {{Quantitative Assessment Methodologies}} Based on
                  {{Life}}-History {{Traits}}, {{Exploitation Characteristics}}
                  and Other {{Relevant Parameters}} for {{Data}}-Limited
                  {{Stocks}} ({{WKLIFE V}})},
  number        = {ICES CM 2015/ACOM:56},
  author        = {ICES},
  year          = {2015}
}

@InCollection{    ices2016criteria,
  title         = {{ICES} Criteria for Defining Multi-Annual Plans as
                  Precautionary. {ICES Advice Technical Guidelines}, {Section}
                  12.4.10},
  booktitle     = {{ICES Advice} 2016, {Book} 12},
  year          = {2016},
  author        = {ICES}
}

@TechReport{      ices2018,
  title         = {ICES Advice Basis. DOI:
                  \href{https://doi.org/10.17895/ices.pub.4503}{10.17895/ices.pub.4503}},
  author        = {ICES},
  year          = {2018},
  url           = {https://www.ices.dk/sites/pub/Publication%20Reports/Advice/2018/2018/Introduction_to_advice_2018.pdf}
}

@Article{         jardim2015,
  title         = {Harvest Control Rules for Data Limited Stocks Using
                  Length-Based Reference Points and Survey Biomass Indices},
  volume        = {171},
  journal       = {Fish. Res.},
  doi           = {10.1016/j.fishres.2014.11.013},
  author        = {Jardim, Ernesto and Azevedo, Manuela and Brites, Nuno M.},
  year          = {2015},
  keywords      = {risk,Data limited stocks,Harvest control rules,Length
                  frequencies,Life History,Survey indices},
  pages         = {12-19}
}

@Article{         kell2006,
  series        = {The {{Knowledge Base}} for {{Fisheries Management}}},
  title         = {Chapter 15 {{Operational}} Management Procedures: {{An}}
                  Introduction to the Use of Evaluation Frameworks},
  volume        = {36},
  doi           = {10.1016/S0167-9309(06)80018-9},
  journal       = {Dev. Aquacult. Fish. Sci.},
  author        = {Kell, Laurence T. and De Oliveira, Jos\'e A. A. and Punt,
                  Andr\'e E. and McAllister, Murdoch K. and Kuikka, Sakari},
  year          = {2006},
  pages         = {379-407}
}

@Article{         kell2007,
  title         = {{FLR}: an open-source framework for the evaluation and
                  development of management strategies},
  volume        = {64},
  number        = {4},
  journal       = {ICES J. Mar. Sci.},
  author        = {Kell, L. T. and Mosqueira, I. and Grosjean, P. and Fromentin,
                  J-M. and Garcia, D. and Hillary, R. and Jardim, E. and Mardle,
                  S. and Pastoors, M. A. and Poos, J. J. and Scott, F. and
                  Scott, R. D.},
  year          = {2007},
  pages         = {640--646}
}

@Article{         kimura1982,
  title         = {Stock {Reduction Analysis}, Another Solution to the Catch
                  Equations},
  volume        = {39},
  doi           = {10.1139/f82-198},
  number        = {11},
  journal       = {Can. J. Fish. Aquat. Sci.},
  author        = {Kimura, Daniel K. and Tagart, Jack V.},
  year          = {1982},
  pages         = {1467-1472}
}

@Article{         kimura1984,
  title         = {Generalized {{Stock Reduction Analysis}}},
  volume        = {41},
  doi           = {10.1139/f84-162},
  number        = {9},
  journal       = {Can. J. Fish. Aquat. Sci.},
  author        = {Kimura, Daniel K. and Balsiger, James W. and Ito, Daniel H.},
  year          = {1984},
  pages         = {1325-1333}
}

@Article{         kolody2008,
  series        = {Advances in the {{Analysis}} and {{Applicationof Harvest
                  Policies}} in the {{Management}} of {{Fisheries}}},
  title         = {Salvaged Pearls: Lessons Learned from a Floundering Attempt
                  to Develop a Management Procedure for {{Southern Bluefin
                  Tuna}}},
  volume        = {94},
  doi           = {10.1016/j.fishres.2008.08.016},
  number        = {3},
  journal       = {Fish. Res.},
  author        = {Kolody, D. and Polacheck, T. and Basson, M. and Davies, C.},
  year          = {2008},
  pages         = {339-350}
}

@Article{         kraak2010,
  title         = {On scientists' discomfort in fisheries advisory science: the
                  example of simulation-based fisheries management-strategy
                  evaluations},
  volume        = {9999},
  doi           = {10.1111/j.1467-2979.2009.00352.x},
  number        = {9999},
  journal       = {Fish Fish.},
  author        = {Kraak, Sarah B. M. and Kelly, Ciaran J. and Codling, Edward
                  A. and Rogan, Emer},
  year          = {2010}
}

@Article{         krieger1999,
  title         = {Distribution and Abundance of Shortraker Rockfish,
                  {{Sebastes}} Borealis, and Rougheye Rockfish, {{S}}.
                  Aleutianus, Determined from a Manned Submersible},
  volume        = {97},
  number        = {2},
  journal       = {Fish. Bull.},
  author        = {Krieger, KJ and Ito, DH},
  year          = {1999},
  pages         = {264-272}
}

@Book{            kristensen2014,
  title         = {{TMB: General} random effect model builder tool inspired by
                  {ADMB}},
  author        = {Kristensen, Kasper},
  year          = {2014},
  note          = {R package version 1.1. \url{https://github.com/kaskr/adcomp}}
}

@Article{         kristensen2016,
  title         = {{{TMB}}: {{Automatic Differentiation}} and {{Laplace
                  Approximation}}},
  volume        = {70},
  doi           = {10.18637/jss.v070.i05},
  number        = {5},
  journal       = {J. Stat. Softw.},
  author        = {Kristensen, Kasper and Nielsen, Anders and Berg, Casper W.
                  and Skaug, Hans and Bell, Bradley M.},
  year          = {2016},
  pages         = {1-21}
}

@TechReport{      kronlund2017,
  title         = {Management {{Strategy Evaluation}}: {{Considerations}} for
                  {{Application}} to {{Canadian Fisheries}}},
  author        = {Kronlund, A R and Shelton, P A},
  year          = {2017}
}

@Article{         lassen2014,
  title         = {{{ICES}} Advisory Framework 1977-2012: From {{Fmax}} to
                  Precautionary Approach and Beyond},
  volume        = {71},
  doi           = {10.1093/icesjms/fst146},
  language      = {en},
  number        = {2},
  journal       = {ICES J. Mar. Sci.},
  author        = {Lassen, H. and Kelly, C. and Sissenwine, M.},
  year          = {2014},
  pages         = {166-172}
}

@Book{            love2002,
  title         = {The {{Rockfishes}} of the {{Northeast Pacific}}},
  isbn          = {978-0-520-23438-3},
  language      = {en},
  publisher     = {{University of California Press}},
  author        = {Love, Milton S. and Yoklavich, Mary and Thorsteinson, Lyman
                  K.},
  year          = {2002}
}

@Book{            love2011,
  title         = {Certainly {{More Than You Want}} to {{Know}} about the
                  {{Fishes}} of the {{Pacific Coast}}: {{A Postmodern
                  Experience}}},
  isbn          = {978-0-9628725-6-3},
  language      = {en},
  publisher     = {{Really Big Press}},
  author        = {Love, Milton S.},
  year          = {2011}
}

@Article{         maccall2009,
  title         = {Depletion-corrected average catch: a simple formula for
                  estimating sustainable yields in data-poor situations},
  volume        = {66},
  number        = {10},
  journal       = {ICES J. Mar. Sci.},
  author        = {MacCall, Alec D.},
  year          = {2009},
  pages         = {2267-2271}
}

@TechReport{      mace,
  title         = {Evolution of {{New Zealand}}'s Fisheries Management
                  Frameworks to Prevent Overfishing},
  number        = {CM2012/L: 09},
  author        = {Mace, M., Pamela}
}

@Article{         mace1988,
  title         = {A generalized bioeconomic simulation model for fish
                  population dynamics},
  journal       = {N.Z. Fish. Assess. Res. Doc.},
  author        = {Mace, M., Pamela and Doonan, I.J.},
  volume        = {88/4},
  year          = {1988}
}

@TechReport{      mace2001,
  type          = {{{NOAA Technical Memorandum}}},
  title         = {Marine {{Fisheries Stock Assessment Improvement Plan}}:
                  {{Report}} of the {{National Marine Fisheries Service National
                  Task Force}} for {{Improving Fish Stock Assessments}}},
  number        = {NMFS-F/SPO-56},
  institution   = {{U.S. Department of Commerce}},
  author        = {Mace, P M and Bartoo, N W and Hollowed, A B and Kleiber, P
                  and Methot, Richard D. and Murawski, S A and Powers, J E and
                  Scott, G P},
  year          = {2001}
}

@Manual{          magrittr,
  title         = {{magrittr}: A Forward-Pipe Operator for {R}. R package
                  version 1.5.
                  {\url{https://CRAN.R-project.org/package=magrittr}}},
  author        = {Stefan Milton Bache and Hadley Wickham},
  year          = {2014},
  note          = {R package version 1.5},
  url           = {https://CRAN.R-project.org/package=magrittr}
}

@Article{         marasco2007,
  title         = {Ecosystem-Based Fisheries Management: Some Practical
                  Suggestions},
  volume        = {64},
  doi           = {10.1139/f07-062},
  number        = {6},
  journal       = {Can. J. Fish. Aquat. Sci.},
  author        = {Marasco, Richard J and Goodman, Daniel and Grimes, Churchill
                  B and Lawson, Peter W and Punt, Andre E and Quinn II, Terrance
                  J},
  year          = {2007},
  pages         = {928-939}
}

@Article{         martell2013,
  title         = {A Simple Method for Estimating {{MSY}} from Catch and
                  Resilience},
  volume        = {14},
  copyright     = {\textcopyright{} 2012 John Wiley \& Sons Ltd},
  doi           = {10.1111/j.1467-2979.2012.00485.x},
  language      = {en},
  number        = {4},
  journal       = {Fish Fish.},
  author        = {Martell, Steven and Froese, Rainer},
  year          = {2013},
  pages         = {504-514}
}

@Article{         maunder2004,
  series        = {Models in {{Fisheries Research}}: {{GLMs}}, {{GAMS}} and
                  {{GLMMs}}},
  title         = {Standardizing Catch and Effort Data: A Review of Recent
                  Approaches},
  volume        = {70},
  doi           = {10.1016/j.fishres.2004.08.002},
  number        = {2},
  journal       = {Fish. Res.},
  author        = {Maunder, Mark N. and Punt, Andr\'e E.},
  year          = {2004},
  pages         = {141-159}
}

@Article{         maunder2012,
  title         = {Evaluating the Stock-Recruitment Relationship and Management
                  Reference Points: Application to Summer Flounder
                  ({\emph{Paralichthys}} Dentatus) in the {U.S}. Mid-{Atlantic}},
  volume        = {125-126},
  language      = {en},
  journal       = {Fish. Res.},
  doi           = {10.1016/j.fishres.2012.02.006},
  author        = {Maunder, Mark N.},
  year          = {2012},
  pages         = {20-26}
}

@TechReport{      maunder2014,
  title         = {Management {{Strategy Evaluation}} ({{MSE}})
                  {{Implementation}} in {{Stock Synthesis}}: {{Application}} to
                  {{Pacific Bluefin Tuna}}},
  number        = {SAC-05-10b},
  author        = {Maunder, M N},
  year          = {2014}
}

@Article{         mcallister2001,
  title         = {Using demographic methods to construct {Bayesian} priors for
                  the intrinsic rate of increase in the {Schaefer} model and
                  implications for stock rebuilding},
  volume        = {58},
  issn          = {12057533, 0706652X},
  url           = {http://www.nrc.ca/cgi-bin/cisti/journals/rp/rp2_abst_e?cjfas_f01-114_58_ns_nf_cjfas58-01},
  doi           = {10.1139/cjfas-58-9-1871},
  language      = {en},
  number        = {9},
  urldate       = {2019-06-12},
  journal       = {Can. J. Fish. Aquat. Sci.},
  author        = {McAllister, M.K. and Pikitch, E.K. and Babcock, E.A.},
  year          = {2001},
  pages         = {1871--1890}
}

@InCollection{    mcgilliard2017,
  title         = {Assessment of the rex sole stock in the {{Gulf}} of
                  {{Alaska}}},
  booktitle     = {Stock Assessment and Fishery Evaluation Report for the
                  Groundfish Resources of the {{Gulf}} of {{Alaska}}},
  publisher     = {{North Pacific Fishery Management Council, 605 W 4 th Ave,
                  Suite 306, Anchorage AK 99501}},
  author        = {McGilliard, C. R. and Palsson, W.},
  year          = {2017},
  pages         = {657-742}
}

@Article{         mcgilliard2017,
  title         = {Assessment of the rex sole stock in the {Gulf of Alaska}},
  author        = {McGilliard, Carey R and Palsson, Wayne},
  year          = {2017}
}

@TechReport{      mcilgorm2013,
  title         = {Literature study and review of international best practice in
                  fisheries harvest strategy policy approaches. {A} Report to
                  the {Department of Agriculture, Fisheries and Forestry (DAFF)
                  Canberra, by the Australian National Centre for Ocean
                  Resources and Security (ANCORS), University of Wollongong.
                  Final Report, March 26, 2013}},
  author        = {McIlgorm, A.},
  year          = {2013}
}

@TechReport{      mcnamee2016,
  title         = {Data {{Limited Techniques}} for {{Tier}} 4 {{Stocks}}: {{An}}
                  Alternative Approach to Setting Harvest Control Rules Using
                  Closed Loop Simulations for Management Strategy Evaluation},
  author        = {McNamee, J and Fay, Gavin and Cadrin, S},
  year          = {2016}
}

@Book{            mecklenburg2002,
  address       = {Bethesda, MD.},
  title         = {Fishes of {{Alaska}}},
  isbn          = {},
  language      = {English},
  publisher     = {{Am. Fish. Soc.}},
  author        = {Mecklenburg, C. W. and Thorsteinson, L. K.},
  year          = {2002}
}

@Article{         methot2013,
  title         = {Stock Synthesis: {{A}} Biological and Statistical Framework
                  for Fish Stock Assessment and Fishery Management},
  volume        = {142},
  doi           = {10.1016/j.fishres.2012.10.012},
  journal       = {Fish. Res.},
  author        = {Methot, Richard D. and Wetzel, Chantell R.},
  year          = {2013},
  pages         = {86-99}
}

@TechReport{      methotjr.2015,
  type          = {{{NOAA Technical Memorandum}}},
  title         = {Prioritizing Fish Stock Assessments},
  number        = {NMFS-F/SPO-152},
  author        = {Methot Jr., Richard D.},
  year          = {2015}
}

@Article{         miller2010,
  title         = {"{Satisficing}" and trade-offs: evaluating rebuilding
                  strategies for {Greenland} halibut off the east coast of
                  {Canada}},
  volume        = {67},
  doi           = {10.1093/icesjms/fsq083},
  language      = {en},
  number        = {9},
  journal       = {ICES J. Mar. Sci.},
  author        = {Miller, D. C. M. and Shelton, P. A.},
  year          = {2010},
  pages         = {1896--1902}
}

@TechReport{      ministryoffisheries2008,
  title         = {Harvest {{Strategy Standard}} for {{New Zealand Fisheries}}},
  institution   = {{Ministry of Fisheries, New Zealand}},
  author        = {{Ministry of Fisheries}},
  year          = {2008}
}

@TechReport{      ministryoffisheries2011,
  title         = {Operational {{Guidelines}} for {{New Zealand}}'s {{Harvest
                  Strategy Standard}}},
  institution   = {{Ministry of Fisheries, New Zealand}},
  author        = {{Ministry of Fisheries}},
  year          = {2011}
}

@Article{         munk2001,
  journal       = {Alaska Fishery Research Bulletin},
  title         = {Maximum Ages of Groundfishes in Waters off {Alaska} and
                  {{British Columbia}} and Considerations of Age Determination},
  volume        = {8},
  number        = {1},
  author        = {Munk, Kristen M},
  year          = {2001}
}

@Article{         myers1995,
  title         = {Synchrony of recruitment across the {North Atlantic}: an
                  update.(Or, "now you see it, now you don't!")},
  author        = {Myers, RA and Barrowman, NJ and Thompson, KR},
  journal       = {ICES J. Mar. Sci.},
  volume        = {52},
  number        = {1},
  pages         = {103--110},
  year          = {1995}
}

@Article{         myers1999,
  title         = {The maximum reproductive rate of fish at low population
                  sizes},
  volume        = {56},
  journal       = {Can. J. Fish. Aquat. Sci.},
  author        = {Myers, R. A. and Bowen, K. G. and Barrowman, N. J.},
  year          = {1999},
  pages         = {2404-2419}
}

@Article{         myers2000a,
  title         = {A fisheries management strategy robust to ignorance:
                  rotational harvest in the presence of indirect fishing
                  mortality},
  volume        = {57},
  number        = {12},
  journal       = {Can. J. Fish. Aquat. Sci.},
  author        = {Myers, Ransom A. and Fuller, Susanna D. and Kehler, Daniel
                  G.},
  year          = {2000},
  pages         = {2357-2362}
}

@Article{         newman2015,
  title         = {Current Methods for Setting Catch Limits for Data-Limited
                  Fish Stocks in the {{United States}}},
  volume        = {164},
  doi           = {10.1016/j.fishres.2014.10.018},
  language      = {en},
  journal       = {Fish. Res.},
  author        = {Newman, David and Berkson, Jim and Suatoni, Lisa},
  year          = {2015},
  pages         = {86-93}
}

@TechReport{      nmfs2012,
  address       = {Seattle, Washington},
  title         = {Assessment {{Methods}} for {{Data}}-{{Moderate Stocks
                  Report}} of the {{Methodology Review Panel Meeting}}},
  author        = {NMFS},
  year          = {2012}
}

@Article{         pennington2002,
  title         = {Assessing the Precision of Frequency Distributions Estimated
                  from Trawl-Survey Samples},
  volume        = {100},
  language      = {en},
  journal       = {Fishery Bulletin},
  author        = {Pennington, Michael and Burmeister, Liza-Mare and Hjellvik,
                  Vidar},
  year          = {2002},
  pages         = {74-80}
}

@Article{         plaganyi2007,
  title         = {Making Management Procedures
                  Operational\textemdash{}Innovations Implemented in {{South
                  Africa}}},
  volume        = {64},
  doi           = {10.1093/icesjms/fsm043},
  number        = {4},
  journal       = {ICES J. Mar. Sci.},
  author        = {Plag\'anyi, \'Eva E. and Rademeyer, Rebecca A. and
                  Butterworth, Doug S. and Cunningham, Carryn L. and Johnston,
                  Susan J.},
  year          = {2007},
  pages         = {626-632}
}

@Article{         plaganyi2014,
  title         = {Multispecies Fisheries Management and Conservation: Tactical
                  Applications Using Models of Intermediate Complexity},
  volume        = {15},
  doi           = {10.1111/j.1467-2979.2012.00488.x},
  number        = {1},
  journal       = {Fish Fish.},
  author        = {Plag\'anyi, \'Eva E and Punt, Andr\'e E and Hillary, Richard
                  and Morello, Elisabetta B and Th\'ebaud, Olivier and Hutton,
                  Trevor and Pillans, Richard D and Thorson, James T and Fulton,
                  Elizabeth A and Smith, Anthony D M and Smith, Franz and
                  Bayliss, Peter and Haywood, Michael and Lyne, Vincent and
                  Rothlisberg, Peter C},
  year          = {2014},
  pages         = {1-22}
}

@TechReport{      porch2004,
  location      = {North Charleston, South Carolina},
  title         = {The commercial landings of red snapper in the {Gulf of
                  Mexico} from 1872 to 1962},
  url           = {http://sedarweb.org/docs/wpapers/SEDAR7-AW-22.pdf},
  number        = {{SEDAR}7-{AW}-22},
  type          = {{SEDAR}},
  author        = {Porch, Clay E. and Turner, S.C and Schirripa, M.J.},
  urldate       = {2020-02-18},
  date          = {2004}
}

@Article{         punt2008,
  series        = {Advances in the {{Analysis}} and {{Applicationof Harvest
                  Policies}} in the {{Management}} of {{Fisheries}}},
  title         = {Evaluation of Threshold Management Strategies for Groundfish
                  off the {{U}}.{{S}}. {{West Coast}}},
  volume        = {94},
  doi           = {10.1016/j.fishres.2007.12.008},
  number        = {3},
  journal       = {Fish. Res.},
  author        = {Punt, Andr\'e E. and Dorn, Martin W. and Haltuch, Melissa A.},
  year          = {2008},
  pages         = {251-266}
}

@Article{         punt2011,
  title         = {Among-stock comparisons for improving stock assessments of
                  data-poor stocks: the ``{Robin Hood}'' approach},
  volume        = {68},
  doi           = {10.1093/icesjms/fsr039},
  number        = {5},
  journal       = {ICES J. Mar. Sci.},
  author        = {Punt, Andr{\'e} E. and Smith, David C. and Smith, Anthony D.
                  M.},
  year          = {2011},
  pages         = {972-981}
}

@Article{         punt2011b,
  title         = {The impact of climate change on the performance of rebuilding
                  strategies for overfished groundfish species of the {U}.{S}.
                  west coast},
  volume        = {109},
  issn          = {01657836},
  url           = {https://linkinghub.elsevier.com/retrieve/pii/S0165783611000907},
  doi           = {10.1016/j.fishres.2011.02.019},
  language      = {en},
  number        = {2-3},
  urldate       = {2019-08-13},
  journal       = {Fisheries Research},
  author        = {Punt, AndrÃ© E.},
  month         = may,
  year          = {2011},
  pages         = {320--329}
}

@Article{         punt2014,
  title         = {Fisheries management under climate and environmental
                  uncertainty: control rules and performance simulation},
  volume        = {71},
  issn          = {1095-9289, 1054-3139},
  url           = {https://academic.oup.com/icesjms/article/71/8/2208/744434},
  doi           = {10.1093/icesjms/fst057},
  shorttitle    = {Fisheries management under climate and environmental
                  uncertainty},
  pages         = {2208--2220},
  number        = {8},
  journaltitle  = {ICES J. Mar. Sci.},
  author        = {Punt, André E. and A'mar, Teresa and Bond, Nicholas A. and
                  Butterworth, Douglas S. and de Moor, Carryn L. and De
                  Oliveira, José A. A. and Haltuch, Melissa A. and Hollowed,
                  Anne B. and Szuwalski, Cody},
  urldate       = {2019-08-13},
  date          = {2014-10-01},
  langid        = {english}
}

@Article{         punt2016,
  title         = {Management Strategy Evaluation: Best Practices},
  volume        = {17},
  doi           = {10.1111/faf.12104},
  language      = {en},
  number        = {2},
  journal       = {Fish Fish.},
  author        = {Punt, Andr\'e E and Butterworth, Doug S and {de Moor}, Carryn
                  L and De Oliveira, Jos\'e A A and Haddon, Malcolm},
  year          = {2016},
  pages         = {303-334}
}

@Article{         punt2017,
  title         = {Strategic Management Decision-Making in a Complex World:
                  Quantifying, Understanding, and Using Trade-Offs},
  doi           = {10.1093/icesjms/fsv193},
  journal       = {ICES J. Mar. Sci.},
  author        = {Punt, A. E.},
  year          = {2017},
  volume        = {74},
  issue         = {2}
}

@TechReport{      quesne2013,
  title         = {Data-Deficient Fisheries in {{EU}} Waters},
  institution   = {{Centre for Environment, Fisheries and Aquaculture Science
                  (CEFAS)}},
  author        = {Quesne, Le and Brown, W M and {de Oliveira}, J and Casey, J
                  and Carl, O'Brien},
  year          = {2013}
}

@Book{            r2019,
  address       = {Vienna, Austria},
  title         = {R: A Language and Environment for Statistical Computing},
  publisher     = {{R Foundation for Statistical Computing}},
  author        = {{{R Core Team}}},
  year          = {2019}
}

@Article{         rademeyer2007,
  title         = {Tips and Tricks in Designing Management Procedures},
  volume        = {64},
  doi           = {10.1093/icesjms/fsm050},
  number        = {4},
  journal       = {ICES J. Mar. Sci.},
  author        = {Rademeyer, Rebecca A. and Plag\'anyi, \'Eva E. and
                  Butterworth, Doug S.},
  year          = {2007},
  pages         = {618-625}
}

@TechReport{      restrepo1998,
  type          = {{{NOAA Technical Memorandum}}},
  title         = {Technical {{Guidance On}} the {{Use}} of {{Precautionary
                  Approaches}} to {{Implementing National Standard}} 1 of the
                  {{Magnuson}}-{{Stevens Fishery Conservation}} and {{Management
                  Act}}},
  author        = {Restrepo, V R and Thompson, G G and Mace, P M and Gabriel, W
                  L and Low, P M and MacCall, A D and Methot, R D and Powers, J
                  E and Taylor, B L and Wade, P R and Witzig, J F},
  year          = {1998}
}

@TechReport{      richards1997,
  title         = {Slope rockfish assessment for the west coast of {Canada} in
                  1997 and recommended yield options for 1998},
  number        = {DFO Can. Stock Assess. Sec. Res. Doc. 97/147},
  url           = {https://waves-vagues.dfo-mpo.gc.ca/Library/230045.pdf},
  author        = {Richards, Laura J. and Schnute, Jon T. and Olsen, Norm and
                  Haigh, Rowan},
  year          = {1997}
}

@Article{         ricker1954,
  title         = {Stock and recruitment.},
  volume        = {11},
  number        = {5},
  pages         = {559--623},
  journaltitle  = {J Fish. Res. Board Can.},
  author        = {Ricker, W.E.},
  date          = {1954}
}

@Article{         rindorf2017,
  title         = {Moving beyond the {{MSY}} Concept to Reflect Multidimensional
                  Fisheries Management Objectives},
  volume        = {85},
  doi           = {10.1016/j.marpol.2017.08.012},
  journal       = {Marine Policy},
  author        = {Rindorf, Anna and Mumford, John and Baranowski, Paul and
                  Clausen, Lotte Wors\o{}e and Garc\'ia, Dorleta and Hintzen,
                  Niels T. and Kempf, Alexander and Leach, Adrian and Levontin,
                  Polina and Mace, Pamela and Mackinson, Steven and Maravelias,
                  Christos and Prellezo, Ra\'ul and Quetglas, Antoni and
                  Tserpes, George and Voss, R\"udiger and Reid, David},
  year          = {2017},
  pages         = {33-41}
}

@Article{         rochet2009,
  title         = {Simulation-based management strategy evaluation: ignorance
                  disguised as mathematics?},
  volume        = {66},
  doi           = {10.1093/icesjms/fsp023},
  number        = {4},
  journal       = {ICES J. Mar. Sci.},
  author        = {Rochet, Marie-Jo{\"e}lle and Rice, Jake C.},
  year          = {2009},
  pages         = {754-762}
}

@TechReport{      rosenberg2014,
  address       = {Rome, Italy},
  type          = {{{FAO Fisheries}} and {{Aquaculture Circular}}},
  title         = {Developing New Approaches to Global Stock Status Assessment
                  and Fishery Production Potential of the Seas},
  number        = {1086},
  author        = {Rosenberg, A. A. and Fogarty, M. J. and Cooper, A B and
                  {Dickey-Collas}, M and Fulton, E A and
                  Guti\{$\backslash$'e\}rrez, N L and Hyde, K J W and Kleisner,
                  K M and Longo, C and {Minte-Vera}, C V and Minto, C and
                  Mosqueira, I and Osio, G C and Ovando, D and Selig, E R and
                  Thorson, J T and Ye, Y},
  year          = {2014},
  keywords      = {stock-assessment}
}

@Misc{            rstan,
  title         = {{RStan}: the {R} interface to {Stan}. R package version
                  2.19.3. {\url{http://mc-stan.org/}}},
  author        = {{Stan Development Team}},
  note          = {R package version 2.19.3},
  year          = {2020},
  url           = {http://mc-stan.org/}
}

@Misc{            rstanarm,
  title         = {rstanarm: {Bayesian} applied regression modeling via {Stan}.
                  R package version 2.17.4. {\url{http://mc-stan.org/}}},
  author        = {Ben Goodrich and Jonah Gabry and Imad Ali and Sam Brilleman},
  note          = {R package version 2.17.4},
  year          = {2018},
  url           = {http://mc-stan.org/}
}

@Article{         rue2009,
  title         = {Approximate {{Bayesian Inference}} for {{Latent Gaussian
                  Models Using Integrated Nested Laplace Approximations}} (with
                  Discussion).},
  volume        = {71},
  journal       = {J. R. Stat. Soc. B},
  author        = {Rue, H\aa{}vard and Martino, Sara and Chopin, Nicholas},
  year          = {2009},
  pages         = {319-392}
}

@Article{         rue2016,
  archiveprefix = {arXiv},
  eprinttype    = {arxiv},
  eprint        = {1604.00860},
  primaryclass  = {stat},
  title         = {Bayesian {{Computing}} with {{INLA}}: {{A Review}}},
  journal       = {ArXiv160400860 Stat},
  author        = {Rue, H\aa{}vard and Riebler, Andrea and S\o{}rbye, Sigrunn H.
                  and Illian, Janine B. and Simpson, Daniel P. and Lindgren,
                  Finn K.},
  year          = {2016}
}

@Article{         rutherford1999,
  title         = {A brief history of {GFC}atch (1954--1995), the groundfish
                  catch and effort database at the {Pacific Biological
                  Station}},
  volume        = {2299},
  journal       = {DFO Can. Tech. Rep. Fish. Aquat. Sci.},
  author        = {Rutherford, K. L.},
  year          = {1999},
  pages         = {66~p}
}

@TechReport{      sagarese2015,
  title         = {A Comparison of Data--Rich versus Data--Limited Methods in
                  Estimating Overfishing Limits},
  number        = {SEDAR46-DW-01},
  author        = {Sagarese, Skyler R and Walter, John F and Isely, J Jeffery
                  and Bryan, Meaghan D and Cummings, Nancie},
  year          = {2015}
}

@Article{         sagarese2018,
  title         = {Working {{Towards}} a {{Framework}} for {{Stock Evaluations}}
                  in {{Data}}-{{Limited Fisheries}}},
  doi           = {10.1002/nafm.10047},
  language      = {en},
  journal       = {North Am. J. Fish. Manag.},
  author        = {Sagarese, Skyler R. and Rios, Adyan B. and {Cass-Calay},
                  Shannon L. and Cummings, Nancie J. and Bryan, Meaghan D. and
                  Stevens, Molly H. and Harford, William J. and McCarthy, Kevin
                  J. and Matter, Vivian M.},
  year          = {2018}
}

@Article{         sainsbury2000,
  title         = {Design of Operational Management Strategies for Achieving
                  Fishery Ecosystem Objectives},
  volume        = {57},
  doi           = {10.1006/jmsc.2000.0737},
  number        = {3},
  journal       = {ICES J. Mar. Sci.},
  author        = {Sainsbury, Keith J. and Punt, Andr\'e E. and Smith, Anthony
                  D. M.},
  year          = {2000},
  pages         = {731-741}
}

@TechReport{      sainsbury2008,
  title         = {Best {{Practice Reference Points}} for {{Australian
                  Fisheries}}. {{Report}} to the {{Australian Fisheries
                  Management Authority}}},
  number        = {R2001/0999},
  author        = {Sainsbury, K},
  year          = {2008}
}

@Article{         schaefer1954,
  title         = {Some aspects of the dynamics of populations important to the
                  management of the commercial marine fisheries},
  volume        = {1},
  pages         = {27--56},
  number        = {2},
  journaltitle  = {Bulletin of the Inter-American Tropical Tuna Commission},
  author        = {Schaefer, M B},
  date          = {1954}
}

@TechReport{      schnute1999a,
  title         = {Slope rockfish assessment for the west coast of {Canada} in
                  1998},
  language      = {eng},
  number        = {DFO Can. Stock Assess. Sec. Res. Doc. 99/16},
  url           = {https://waves-vagues.dfo-mpo.gc.ca/Library/236098.pdf},
  author        = {Schnute, Jon T. and Olsen, Norm and Haigh, Rowan},
  year          = {1999}
}

@TechReport{      schnute1999b,
  title         = {Slope rockfish assessment for the west coast of {Canada} in
                  1999},
  language      = {eng},
  number        = {DFO Can. Stock Assess. Sec. Res. Doc. 99/184},
  url           = {https://waves-vagues.dfo-mpo.gc.ca/Library/242305.pdf},
  author        = {Schnute, Jon T. and Olsen, Norm and Haigh, Rowan},
  year          = {1999}
}

@Article{         schnute2007,
  title         = {Designing Tools to Evaluate Fishery Management Strategies:
                  Can the Scientific Community Deliver?},
  volume        = {64},
  number        = {6},
  journal       = {ICES J. Mar. Sci.},
  author        = {Schnute, Jon T. and Maunder, Mark N. and Ianelli, James N.},
  year          = {2007},
  pages         = {1077--1084}
}

@Article{         shelton2014,
  title         = {Spatial semiparametric models improve estimates of species
                  abundance and distribution},
  volume        = {71},
  doi           = {10.1139/cjfas-2013-0508},
  number        = {11},
  journal       = {Can. J. Fish. Aquat. Sci.},
  author        = {Shelton, Andrew Olaf and Thorson, James T. and Ward, Eric J.
                  and Feist, Blake E.},
  year          = {2014},
  pages         = {1655--1666}
}

@Article{         shelton2018,
  title         = {Spatio-Temporal Models Reveal Subtle Changes to Demersal
                  Communities Following the {{Exxon Valdez}} Oil Spill},
  volume        = {75},
  doi           = {10.1093/icesjms/fsx079},
  number        = {1},
  journal       = {ICES J. Mar. Sci.},
  author        = {Shelton, Andrew O. and Hunsicker, Mary E. and Ward, Eric J.
                  and Feist, Blake E. and Blake, Rachael and Ward, Colette L.
                  and Williams, Benjamin C. and {Duffy-Anderson}, Janet T. and
                  Hollowed, Anne B. and Haynie, Alan C.},
  year          = {2018},
  pages         = {287--297}
}

@Article{         smith1999,
  title         = {Implementing Effective Fisheries-Management Systems
                  \textendash{} Management Strategy Evaluation and the
                  {{Australian}} Partnership Approach},
  volume        = {56},
  doi           = {10.1006/jmsc.1999.0540},
  number        = {6},
  journal       = {ICES J. Mar. Sci.},
  author        = {Smith, A. D. M. and Sainsbury, K. J. and Stevens, R. A.},
  year          = {1999},
  pages         = {967-979}
}

@Article{         smith2008,
  title         = {Experience in Implementing Harvest Strategies in
                  {{Australia}}'s South-Eastern Fisheries},
  volume        = {94},
  doi           = {10.1016/j.fishres.2008.06.006},
  language      = {en},
  number        = {3},
  journal       = {Fish. Res.},
  author        = {Smith, Anthony D.M. and Smith, David C. and Tuck, Geoffrey N.
                  and Klaer, Neil and Punt, Andr\'e E. and Knuckey, Ian and
                  Prince, Jeremy and Morison, Alexander and Kloser, Rudy and
                  Haddon, Malcolm and Wayte, Sally and Day, Jemery and Fay,
                  Gavin and Pribac, Fred and Fuller, Mike and Taylor, Bruce and
                  Little, L. Richard},
  year          = {2008},
  pages         = {373-379}
}

@Article{         smith2009,
  title         = {Reconciling {{Approaches}} to the {{Assessment}} and
                  {{Management}} of {{Data}}-{{Poor Species}} and {{Fisheries}}
                  with {{Australia}}'s {{Harvest Strategy Policy}}},
  doi           = {10.1577/C08-041.1},
  journal       = {Marine and Coastal Fisheries: Dynamics, Management, and
                  Ecosystem Science},
  author        = {Smith, David and Punt, Andre and Dowling, Natalie and Smith,
                  Anthony and Tuck, Geoff and Knuckey, Ian},
  year          = {2009},
  pages         = {244-254}
}

@Article{         smith2014,
  title         = {Implementing Harvest Strategies in {{Australia}}: 5 Years
                  On},
  volume        = {71},
  doi           = {10.1093/icesjms/fst158},
  number        = {2},
  journal       = {ICES J. Mar. Sci.},
  author        = {Smith, Anthony D. M. and Smith, David C. and Haddon, Malcolm
                  and Knuckey, Ian A. and Sainsbury, Keith J. and Sloan, Sean
                  R.},
  year          = {2014},
  pages         = {195-203}
}

@InCollection{    spies2018,
  title         = {Assessment of the Shortraker Rockfish Stock in the {{Bering
                  Sea}} and {{Aleutian Islands}}},
  booktitle     = {Stock Assessment and Fishery Evaluation Report for the
                  Groundfish Resources of the {{Bering Sea}}/{{Aleutian Islands
                  Regions}}},
  publisher     = {{North Pacific Fishery Management Council, 605 W 4 th Ave,
                  Suite 306, Anchorage AK 99501}},
  author        = {Spies, I. B. and Spencer P. D. and Palsson, W.},
  year          = {2017},
  pages         = {1001-1048}
}

@TechReport{      stanley2012,
  title         = {Discussion Paper on Prioritization and Scheduling of
                  {{Groundfish Stock Assessment}}. {{Part II GFScreen}} a Review
                  of Abundance Trends for {{Type A}} and {{B Groundfish}}
                  Species},
  author        = {Stanley, Rick and Workman, Greg and Olsen, Norm and Pestal,
                  Gottfried},
  year          = {2012}
}

@TechReport{      stanley2012a,
  title         = {Prioritization and {{Scheduling}} of {{Groundfish Stock
                  Assessments}}},
  author        = {Stanley, Rick and Workman, Greg and Pestal, Gottfried},
  year          = {2012}
}

@TechReport{      stanley2012b,
  title         = {Discussion Paper on Prioritization and Scheduling of
                  {{Groundfish Stock Assessment}}. {{Part I}} - {{Overall}}
                  Scheduling},
  author        = {Stanley, Rick and Workman, Greg and Pestal, Gottfried},
  year          = {2012}
}

@Article{         starr2017,
  title         = {Stock assessment of the coastwide population of {Shortspine
                  Thornyhead} ({\emph{Sebastolobus alascanus}}) in 2015 off the
                  {British Columbia} coast},
  volume        = {2017/015},
  journal       = {{DFO} Can. Sci. Advis. Sec. Res. Doc.},
  author        = {Starr, Paul J. and Haigh, Rowan},
  year          = {2017}
}

@Article{         swain2015,
  title         = {Extreme increases in natural mortality prevent recovery of
                  collapsed fish populations in a {Northwest} {Atlantic}
                  ecosystem},
  volume        = {519},
  doi           = {10.3354/meps11012},
  urldate       = {2018-12-06},
  journal       = {Mar. Ecol. Prog. Ser.},
  author        = {Swain, Doug P and Benoît, Hugues P},
  year          = {2015},
  pages         = {165--182}
}

@Book{            taleb2007,
  title         = {The Black Swan: The Impact of the Highly Improbable},
  author        = {Taleb, Nassim Nicholas},
  year          = {2007},
  publisher     = {Random House Inc.},
  address       = {New York},
  keywords      = {bibdesk}
}

@TechReport{      tallman2011,
  type          = {Canadian {{Science Advisory Secretariat Research Document}}},
  title         = {Techniques for the {{Provision}} of {{Advice}} in
                  {{Information}}-{{Poor Situations}}},
  number        = {2011/106},
  author        = {Tallman, Ross and Cadigan, Noel and Cass, Alan and Dan,
                  Duplisea and Healey, Brian and Trzcinski, K and Wade, E},
  year          = {2011}
}

@Article{         thorson2014,
  title         = {How variable is recruitment for exploited marine fishes? A
                  hierarchical model for testing life history theory},
  volume        = {71},
  doi           = {10.1139/cjfas-2013-0645},
  number        = {7},
  journal       = {Can. J. Fish. Aquat. Sci.},
  author        = {Thorson, James T. and Jensen, Olaf P. and Zipkin, Elise F.},
  year          = {2014},
  pages         = {973-983}
}

@Article{         thorson2015,
  title         = {Geostatistical Delta-Generalized Linear Mixed Models Improve
                  Precision for Estimated Abundance Indices for {{West Coast}}
                  Groundfishes},
  volume        = {72},
  doi           = {10.1093/icesjms/fsu243},
  language      = {en},
  number        = {5},
  journal       = {ICES J. Mar. Sci.},
  author        = {Thorson, James T. and Shelton, Andrew O. and Ward, Eric J.
                  and Skaug, Hans J.},
  year          = {2015},
  keywords      = {_tablet},
  pages         = {1297-1310}
}

@Article{         thorson2016,
  title         = {Model-Based Inference for Estimating Shifts in Species
                  Distribution, Area Occupied and Centre of Gravity},
  volume        = {7},
  doi           = {10.1111/2041-210X.12567},
  language      = {en},
  number        = {8},
  journal       = {Methods Ecol. Evol.},
  author        = {Thorson, James T. and Pinsky, Malin L. and Ward, Eric J.},
  year          = {2016},
  pages         = {990-1002}
}

@Article{         tmb,
  title         = {{TMB}: Automatic Differentiation and {Laplace}
                  Approximation},
  author        = {Kasper Kristensen and Anders Nielsen and Casper W. Berg and
                  Hans Skaug and Bradley M. Bell},
  journal       = {J. Stat. Softw.},
  year          = {2016},
  volume        = {70},
  number        = {5},
  pages         = {1--21},
  doi           = {10.18637/jss.v070.i05}
}

@Article{         turnock2005,
  title         = {Gulf of {Alaska} rex sole stock assessment},
  author        = {Turnock, Benjamin J and A’mar, Z Teresa},
  journal       = {Stock Assessment and Fishery Evaluation Document for
                  Groundfish Resources in the Gulf of Alaska},
  pages         = {399--434},
  year          = {2005}
}

@Manual{          viridis,
  title         = {{viridis}: Default Color Maps from 'matplotlib'. R package
                  version 0.5.1.
                  {\url{https://CRAN.R-project.org/package=viridis}}},
  author        = {Simon Garnier},
  year          = {2018},
  note          = {R package version 0.5.1},
  url           = {https://CRAN.R-project.org/package=viridis}
}

@Article{         walters2006,
  title         = {A stochastic approach to stock reduction analysis},
  volume        = {63},
  doi           = {10.1139/f05-213},
  pages         = {212--223},
  number        = {1},
  journaltitle  = {Can. J. Fish. Aquat. Sci.},
  author        = {Walters, Carl J and Martell, Steven J.D. and Korman, Josh},
  date          = {2006-01-01}
}

@Article{         ward2015,
  title         = {Using Spatiotemporal Species Distribution Models to Identify
                  Temporally Evolving Hotspots of Species Co-Occurrence},
  volume        = {25},
  doi           = {10.1890/15-0051.1},
  language      = {en},
  number        = {8},
  journal       = {Ecol. Appl.},
  author        = {Ward, Eric J. and Jannot, Jason E. and Lee, Yong-Woo and Ono,
                  Kotaro and Shelton, Andrew O. and Thorson, James T.},
  year          = {2015},
  keywords      = {spatiotemporal},
  pages         = {2198-2209}
}

@Article{         wetzel2015,
  series        = {Development, Testing, and Evaluation of Data-Poor Assessment
                  and Fisheries Management Methods},
  title         = {Evaluating the Performance of Data-Moderate and Catch-Only
                  Assessment Methods for {{U}}.{{S}}. West Coast Groundfish},
  volume        = {171},
  doi           = {10.1016/j.fishres.2015.06.005},
  journal       = {Fish. Res.},
  author        = {Wetzel, Chantel R. and Punt, Andr\'e E.},
  year          = {2015},
  pages         = {170-187}
}

@Book{            wickham2016,
  author        = {Hadley Wickham},
  title         = {{ggplot2}: Elegant Graphics for Data Analysis},
  publisher     = {Springer-Verlag New York},
  year          = {2016},
  isbn          = {978-3-319-24277-4},
  url           = {https://ggplot2.tidyverse.org}
}

@Article{         wiedenmann2013,
  title         = {An {{Evaluation}} of {{Harvest Control Rules}} for
                  {{Data}}-{{Poor Fisheries}}},
  volume        = {33},
  doi           = {10.1080/02755947.2013.811128},
  number        = {4},
  journal       = {North Am. J. Fish. Manag.},
  author        = {Wiedenmann, John and Wilberg, Michael J. and Miller, Thomas
                  J.},
  year          = {2013},
  pages         = {845-860}
}

@TechReport{      wiedenmann2015,
  title         = {Application of Data-Poor Harvest Control Rules to
                  {{Atlantic}} Mackerel. Report to the {{Mid Atlantic Fishery
                  Management Council}}},
  author        = {Wiedenmann, J},
  year          = {2015}
}

@Article{         wiedenmann2019,
  title         = {Evaluating the Performance of Data-Limited Methods for
                  Setting Catch Targets through Application to Data-Rich Stocks:
                  {{A}} Case Study Using {{Northeast U}}.{{S}}. Fish Stocks},
  volume        = {209},
  doi           = {10.1016/j.fishres.2018.09.018},
  journal       = {Fish. Res.},
  author        = {Wiedenmann, John and Free, Christopher M. and Jensen, Olaf
                  P.},
  year          = {2019},
  pages         = {129-142}
}

@InCollection{    wilderbuer2015,
  title         = {Assessment of the other flatfish stock complex in the
                  {{Bering Sea and Aleutian Islands}}},
  booktitle     = {Stock Assessment and Fishery Evaluation Report for the
                  Groundfish Resources of the {{Bering Sea}}/{{Aleutian Islands
                  Regions}}},
  publisher     = {{North Pacific Fishery Management Council, 605 W 4 th Ave,
                  Suite 306, Anchorage AK 99501}},
  author        = {Wilderbuer, T. K. and Nichol, D. G.},
  year          = {2015},
  pages         = {1047-1064}
}

@Article{         yamanaka2011,
  author        = {Yamanaka, K. Lynne and McAllister, Murdoch K. and Olesiuk,
                  Peter F. and Etienne, Marie-Pierre and Obdradovich, S.G. and
                  Haigh, Rowan},
  title         = {Stock Assessment for the inside population of {Yelloweye}
                  {Rockfish} {(\emph{Sebastes ruberrimus})} in {British
                  Columbia}, {Canada} for 2010},
  year          = {2011},
  volume        = {2011/129},
  pages         = {xiv + 131},
  journal       = {DFO Can. Sci. Advis. Sec. Res. Doc.}
}
